@Article{dix,
  author={C[] H[] Dix},
  title={Seismic velocities from surface measurements},
  journal={Geophysics},
  year=1955,
  Volume=20,
  pages={68-86}
}

@Article{bolshix,
  author={C[] F[] Bolshykh},
  title={Approximate model for the reflected wave traveltime curve in multilayered media},
  journal={Applied Geophysics},
  year=1956,
  Volume=15,
  pages={3-15},
  note={in Russian}
}

@Article{gass,
  author={Fritz Gassmann},
  title={Introduction to seismic travel time methods in anisotropic media},
  journal={Pure and Applied Geophysics},
  year=1964,
  Volume=58,
  pages={63-112}
}

@Article{taner,
  author={M[] T[] Taner and F[] Koehler},
  title={Velocity spectra -- {D}igital computer derivation and applications of velocity functions},
  journal={Geophysics},
  year=1969,
  Volume=34,
  pages={859-881}
}

@Article{krey,
  author={Theodore Krey},
  title={Computation of interval velocities from common reflection point moveout times for n layers with arbitrary dips and curvatures in three dimensions when assuming small shot-geophone distances},
  journal={Geophysical {P}rospecting},
  year=1976,
  Volume=24,
  pages={91-111}
}

@Article{hubralimageray,
  author={P[] Hubral},
  title={Time migration---some ray theoretical aspects},
  journal={Geophysical {P}rospecting},
  year=1977,
  Volume=25,
  pages={738-745}
}


@Article{malovichko,
  author={A[] A[] Malovichko},
  title={A new representation of the traveltime curve of reflected waves in horizontally layered media},
  journal={AppliedGeophysics},
  year=1978,
  Volume=91,
  pages={47-53},
  note={in Russian}
}

@Article{chernjakgritsenko,
  author={V[] S[] Chernjak and S[] A[] Gritsenko},
  title={Interpretation of effective common-depth-point parameters for a spatial system of homogeneous beds with curved boundaries},
  journal={Soviet {G}eology and {G}eophysics},
  year=1979,
  Volume=20,
  pages={91-98}
}

@Article{berryman,
  author={J[] G[] Berryman},
  title={Long-wave elastic anisotropy in trasversely isotropic media},
  journal={Geophysics},
  year=1979,
  Volume=44,
  pages={896-917}
}

  @Article{scho80,
  author={Michael Schoenberg},
  title={Elastic wave behavior across linear slip interfaces},
  journal={J. Acoust. Soc. Am.},
  year=1980,
  Volume=68,
  pages={1516-1521}
  }

  @Article{hudson81,
  author={J[] A[] Hudson},
  title={Wave speeds and attenuation of elastic waves in material containing cracks},
  journal={Geophysical {J}ournal of the {R}oyal {A}stronomical {S}ociety},
  year=1981,
  Volume=64,
  pages={133-150}
  }

@Article{jw,
  author={L[] E[] A[] Jones and H[] F[] Wang},
  title={Ultrasonic velocities in Cretaceous shales from the Williston Basin},
  journal={Geophysics},
  year=1981,
  Volume=46,
  pages={288-297}
}

@Article{blias1981,
  author={E[] Blias},
  title={Approximation for a {CMP} traveltime function for a stratified medium with curvilinear interfaces and variable bed velocities},
  journal={Soviet Geology and Geophysics},
  year=1981,
  Volume=22,
  issue=11,
  pages={123-131}
}

@Article{lynnclaerbout,
  author={Walter S[] Lynn and Jon F[] Claerbout},
  title={Velocity estimation in laterally varying media},
  journal={Geophysics},
  year=1982,
  Volume=47,
  issue=6,
  pages={884-897}
}

@Article{hubral,
  author={P[] Hubral},
  title={Computing true amplitude reflections in a laterally inhomogeneous earth},
  journal={Geophysics},
  year=1983,
  Volume=48,
  pages={1051-1062}
}

@Article{hake,
  author={H[] Hake and K[] Helbig and C[] S[] Mesdag},
  title={Three-term {T}aylor series for $t^2$ -- $x^2$ curves over layered transversely isotropic ground},
  journal={Geophysical Prospecting},
  year=1984,
  Volume=32,
  pages={828-850}
}

@Article{gritsenko,
  author={S[] A[] Gritsenko},
  title={Time field derivatives},
  journal={Soviet Geology and Geophysics},
  year=1984,
  Volume=25,
  pages={103-109}
}

@Article{blias1984,
  author={E[] Blias},
  title={Reflected wave traveltime curves in stratified media with vertically inhomogeneous layers and slightly inclined curvilinear boundaries},
  journal={Soviet Geology and Geophysics},
  year=1984,
  Volume=25,
  issue=7,
  pages={107-1114}
}

@Article{bliasgrit1984,
  author={E[] Blyas and S[] A[] Gritsenko and V[] S[] Chernjak},
  title={Time field derivatives in stratified media},
  journal={Soviet Geology and Geophysics},
  year=1984,
  Volume=25,
  issue=5,
  pages={75-81}
}


@Article{md,
  author={Francis Muir and Joe Dellinger},
  title={A practical anisotropic system},
  journal={SEP},
  year=1985,
  Volume=44,
  pages={55-58}
}


@Article{thomsen,
  author={Leon Thomsen},
  title={Weak elastic anisotropy},
  journal={Geophysics},
  year=1986,
  Volume=51,
  pages={1954-1966}
}

@Article{sword,
  author={C[] H[] Sword},
  title={A Soviet look at datum shift},
  journal={SEP},
  volume=51,
  year=1987,
  pages={313-316}
}


@Article{debazel,
  author={E[] de Bazelaire},
  title={Normal moveout revisited-Inhomogeneous media and curved interfaces},
  journal={Geophysics},
  volume=53,
  year=1988,
  pages={143-157}
}

@Article{hale,
  author={D[] Hale and N[] R[] Hill and J[] Stefani},
  title={Imaging salt with turning seismic waves},
  journal={Geophysics},
  volume=57,
  year=1992,
  pages={1453-1462}
}

@Article{sena,
  author={A[] G[] Sena},
  title={Seismic traveltime equations for azimuthally anisotropic and isotropic media: {E}stimation of interval elastic properties},
  journal={Geophysics},
  volume=56,
  year=1991,
  pages={2090-2101}
}

@Article{mdk,
  author={Joe Dellinger and Francis Muir and M[] Karrenbach},
  title={Anelliptic approximations for {TI} media},
  journal={Journal of Seismic Exploration},
  year=1993,
  Volume=2,
  pages={23-40}
}


@Article{castle,
  author={Richard J[] Castle},
  title={A theory of normal moveout},
  journal={Geophysics},
  volume=59,
  issue=6,
  year=1994,
  pages={983-999}
}

@Article{fomelnip,
  author={Sergey Fomel},
  title={Recurrent formulas for derivatives of a {CDP} travel-time curve},
  journal={Russian {G}eology and {G}eophysics},
  volume=35,
  issue=2,
  year=1994,
  pages={118-126}
}

@Article{thomsen1994,
  author={Leon Thomsen},
  title={Elastic anisotropy due to aligned cracks in porous media},
  journal={Geophysical Prospecting},
  volume=43,
  year=1994,
  pages={805-829}
}

@Article{tsvankinthomsen1994,
  author={Ilya Tsvankin and Leon Thomsen},
  title={Non-hyperbolic reflection moveout in anisotropic media},
  journal={Geophysics},
  volume=59,
  year=1994,
  pages={1290-1304}
}


@Article{castle,
  author={R[] J[] Castle},
  title={Theory of normal moveout},
  journal={Geophysics},
  volume=59,
  year=1994,
  pages={983-999}
}

@Article{alkatsvankin,
  author={Tariq Alkhalifah and Ilya Tsvankin},
  title={Velocity Analysis for transversely isotropic media},
  journal={Geophysics},
  year=1995,
  Volume=60,
  pages={1550-1566}
}

@Article{schosayer,
  author={Michael Schoenberg and Colin M[] Sayers},
  title={Seismic anisotropy of fractured rock},
  journal={Geophysics},
  year=1995,
  Volume=60,
  pages={204-211}
  }

@Article{tsvankinvti,
  author={Ilya Tsvankin},
  title={P-wave signatures and notation for transversely isotropic media: {A}n overview},
  journal={Geophysics},
  year=1996,
  Volume=61,
  pages={467-483}
}

@Article{helbig,
  author={Michael Schoenberg and Klaus Helbig},
  title={Orthorhombic media: Modeling elastic wave behavior in a vertically fractured earth},
  journal={Geophysics},
  year=1997,
  Volume=62,
  pages={1954-1974}
}

@Article{tsvankinortho,
  author={Ilya Tsvankin},
  title={Anisotropic parameters and {P}-wave velocity for orthorhombic media},
  journal={Geophysics},
  year=1997,
  Volume=62,
  pages={1292-1309}
}

@Article{vernik,
  author={Lev Vernik and Xingzhou Liu},
  title={Velocity anisotropy in shales: {A} petrophysical study},
  journal={Geophysics},
  volume=62, 
  year=1997,
  pages={521-532}
}

@Article{alhti,
  author={A[] Al--{D}ajani and Ilya Tsvankin},
  title={Non-hyperbolic reflection moveout for horizontal transverse isotropy},
  journal={Geophysics},
  year=1998,
  Volume=63,
  issue=5,
  pages={1738-1753}
}

@Article{nmoellipse,
  author={Vladimir Grechka and Ilya Tsvankin},
  title={3-{D} description of normal moveout in anisotropic inhomogeneous media},
  journal={Geophysics},
  year=1998,
  Volume=63,
  issue=3,
  pages={1079-1092}
}

@Article{alkavti,
  author={Tariq Alkhalifah},
  title={Acoustic approximations for processing in transversely isotropic media},
  journal={Geophysics},
  year=1998,
  Volume=63,
  pages={623-631}
}


@Article{grechkatsvankinlatvar,
  author={Vladimir Grechka and Ilya Tsvankin},
  title={3-{D} moveout inversion in azimuthally anisotropic media with lateral velocity variation: {T}heory and a case study},
  journal={Geophysics},
  year=1999,
  Volume=64,
  issue=4,
  pages={1202-1218}
}

@Article{grechkatsvankinortho,
  author={Vladimir Grechka and Ilya Tsvankin},
  title={3-{D} moveout velocity analysis and parameter estimation for orthorhombic media},
  journal={Geophysics},
  year=1999,
  Volume=64,
  pages={820-837}
}

@Article{bgb,
  author={James Berryman and Vladimir Grechka and Patricia Berge},
  title={Analysis of {T}homsen parameters for finely layered {VTI} media},
  journal={Geophysical Prospecting},
  year=1999,
  Volume=47,
  pages={959-978}
}

@Article{alkavti2,
  author={Tariq Alkhalifah},
  title={An acoustic wave equation for anisotropic media},
  journal={Geophysics},
  year=2000,
  Volume=65,
  pages={1239-1250}
}

@Article{alkavti3,
  author={Tariq Alkhalifah},
  title={The offset-midpoint traveltime pyramid in traversely isotropic media},
  journal={Geophysics},
  year=2000,
  Volume=65,
  pages={1316-1325}
}

@Article{bakulin1,
  author={Andrey Bakulin and Vladimir Grechka and Ilya Tsvankin},
  title={Estimation of fracture parameters from reflection seismic data--{P}art {I}: {HTI} model due to a single fracture set},
  journal={Geophysics},
  year=2000,
  Volume=65,
  issue=6,
  pages={1788-1802}
  }
  
@Article{bakulin2,
  author={Andrey Bakulin and Vladimir Grechka and Ilya Tsvankin},
  title={Estimation of fracture parameters from reflection seismic data--{P}art {II}: {F}ractured models with orthorhombic symmetry},
  journal={Geophysics},
  year=2000,
  Volume=65,
  issue=6,
  pages={1803-1817}
  }
   
@Article{bakulin3,
  author={Andrey Bakulin and Vladimir Grechka and Ilya Tsvankin},
  title={Estimation of fracture parameters from reflection seismic data--{P}art {III}: {F}ractured models with monoclinic symmetry},
  journal={Geophysics},
  year=2000,
  Volume=65,
  issue=6,
  pages={1818-1830}
  }

@Article{schohoop,
  author={Michael Schoenberg and Maarten V[] de Hoop},
  title={Approximate disperion relations for q{P}-q{SV}-waves in transversely isotropic media},
  journal={Geophysics},
  year=2000,
  Volume=65,
  issue=3,
  pages={919-933}
}

@Article{fomelvail,
  author={Sergey Fomel and L[] Vaillant},
  title={Evaluating the Stolt-stretch parameter},
  journal={Journal of {S}eismic {E}xploration},
  year=2001,
  Volume=9,
  pages={319-335}
}

@Article{gritsenko2001,
  author={S[] A[] Gritsenko and V[] S[] Chernjak},
  title={Linearized traveltime inversion of reflections from the bottom of a layer with laterally variable interval velocity},
  journal={Geofizika},
  year=2001,
  pages={19-24}
}

@Incollection{fomelnonhyper,
  author={Sergey Fomel and Vladimir Grechka},
  title={Nonhyperbolic reflection moveout of {P}-waves: {A}n overview and comparison of reasons},
  booktitle={CWP-372},
  institution={Colorado School of Mines},
  year=2001
}

@Incollection{bakulinlathet,
  author={Andrey Bakulin and Vladimir Grechka},
  title={Short {N}ote: {E}stimation of anisotropy from multi-azimuth walkaway {VSP} data in the presence of lateral heterogeneity},
  booktitle={CWP-341},
  institution={Colorado School of Mines},
  year=2001
}

@Article{fomelpwd,
  author={Sergey Fomel},
  title={Applications of plane-wave destruction filters},
  journal={Geophysics},
  volume=67, 
  year=2002,
  pages={1946-1960}
}

@Article{wang,
  author={Zhijing Wang},
  title={Seismic anisotropy in sedimentary rocks, {P}art 2: {L}aboratory data},
  journal={Geophysics},
  volume=67, 
  year=2002,
  pages={1423-1440}
}

@Article{stackingtomo,
  author={Vladimir Grechka and Andr\'{e}s Pech and Ilya Tsvankin},
  title={{P}-wave stacking-velocity tomography for {VTI} media},
  journal={Geophysical {P}rospecting},
  volume=50, 
  year=2002,
  pages={151-168}
}

@Article{nmosurface,
  author={Vladimir Grechka and Ilya Tsvankin},
  title={{NMO} velocity surfaces and {D}ix-type formulas in anisotropic heterogeneous media},
  journal={Geophysics},
  volume=67, 
  year=2002,
  pages={939-951}
}

@Article{alkaortho,
  author={Tariq Alkhalifah},
  title={An acoustic wave equation for orthorhombic anisotropy},
  journal={Geophysics},
  year=2003,
  Volume=68,
  pages={1169-1172}
}

@Article{mahschmitt,
  author={Marko Mah and Douglas R[] Schmitt},
  title={Determination of the complete elastic stiffnesses from ultrasonic phase velocity measurements},
  journal={Journal of Geophysical Research},
  year=2003,
  Volume=108,
  issue={B1},
  pages={2016-2027}
}

@Article{fowlervti,
  author={Paul J[] Fowler},
  title={Practical {VTI} approximations: {A} systematic anatomy},
  journal={Journal of Applied Geophysics},
  year=2003,
  pages={347-367}
}

@Article{pech2003,
  author={Andr\'{e}s Pech and Ilya Tsvankin and Vladimir Grechka},
  title={Quartic moveout coefficient: 3{D} description and application to tilted {TI} media},
  journal={Geophysics},
  year=2003,
  volume=68,
  issue=5,
  pages={1600-1610}
}

@Article{pech2004,
  author={Andr\'{e}s Pech and Ilya Tsvankin},
  title={Quartic moveout coefficient for a dipping azimuthally anisotropic layer},
  journal={Geophysics},
  year=2004,
  volume=69,
  issue=3,
  pages={699-707}
}

@TechReport{daley,
  author={P[] F[] Daley and E[] S[] Krebes and L[] R[] Lines},
  title={Phase velocity approximations in a transversely isotropic medium},
  booktitle={CREWES Research Report},
  institution={University of Calgary},
  Volume=16,
  year=2004
}

@Article{fomel,
  author={Sergey Fomel},
  title={On anelliptic approximations for q{P} velocities in {VTI} media},
  journal={Geophysical Prospecting},
  year=2004,
  Volume=52,
  pages={247-259}
}

@Article{iversen,
  author={E[] Iversen and M[] Tygel and B[] Ursin and M[] V[] de Hoop},
  title={Kinematic time migration and demigration of reflections in pre-stack seismic data},
  journal={Geophys. J. Int.},
  year=2012,
  Volume=189,
  pages={1635–1666}
}

@Article{stovas2004,
  author={Alexey Stovas and Bj\orn Ursin},
  title={New travel-time approximations for a transversely isotropic medium},
  journal={Journal of Geophysics and Engineering},
  year=2004,
  volume=1,
  pages={128-133}
}

@Article{helbig75,
  author={Klaus Helbig and Leon Thomsen},
  title={75-plus years of anisotropy in exploration and reservoir seismics: {A} historical review of concepts and methods},
  journal={Geophysics},
  volume=70, 
  year=2005,
  pages={9ND-23ND}
}


@Article{xu,
  author={Xiaoxia Xu and Ilya Tsvankin and Andr\'{e}s Pech},
  title={Geometrical spreading of {P}-waves in horizontally layered, azimuthally anisotropic media},
  journal={Geophysics},
  volume=70, 
  year=2005,
  pages={D43-D53}
}

@Article{ursin,
  author={Bj\orn Ursin and Alexey Stovas},
  title={Traveltime approximations for a layered transversely isotropic medium},
  journal={Geophysics},
  year=2006,
  volume=71,
  issue=2,
  pages={D23-D33}
}

@Article{vascon,
  author={Ivan Vasconcelos and Ilya Tsvankin},
  title={Non-hyperbolic moveout inversion of wide-azimuth {P}-wave data for orthorhombic media},
  journal={Geophysical Prospecting},
  volume=54, 
  year=2006,
  pages={535-552}
}

@Article{grechkapech,
  author={Vladimir Grechka and Andr\'{e}s Pech},
  title={Quartic reflection moveout in a weakly anisotropic dipping layer},
  journal={Geophysics},
  volume=71, 
  year=2006,
  issue=1,
  pages={D1-D13}
}

@Article{blias2006,
  author={Emil Blias},
  title={Some kinematic problems for layered media with shallow velocity anomalies},
  journal={Russian Geology and Geophysics},
  volume=47, 
  year=2006,
  issue=5,
  pages={587-603}
}

@Article{zhutsvankinti,
  author={Yaping Zhu and Ilya Tsvankin},
  title={Plane-wave propagation in attenuative transversely isotropic media},
  journal={Geophysics},
  volume=71, 
  year=2006,
  issue=2,
  pages={T17-T30}
}

@Article{constraineddix,
  author={Zvi Koren and Igor Ravve},
  title={Constrained {D}ix inversion},
  journal={Geophysics},
  volume=71, 
  year=2006,
  issue=6,
  pages={R113-R130}
}

@Article{zhutsvankinortho,
  author={Yaping Zhu and Ilya Tsvankin},
  title={Plane-wave attenuation anisotropy in orthorhombic media},
  journal={Geophysics},
  volume=72, 
  year=2007,
  issue=1,
  pages={D9-D19}
}

@Article{cam,
  author={M[] K[] Cameron and S[] B[] Fomel and J[] A[] Sethian},
  title={Seismic velocity estimation from time migration},
  journal={Inverse {P}roblems},
  volume=23, 
  year=2007,
  pages={1329-1369}
}

@Article{fomeldiffrac,
  author={Sergey Fomel and Evegeny Landa and M[] Turhan Taner},
  title={Poststack velocity analysis by separation and imaging of seismic diffractions},
  journal={Geophysics},
  volume=72, 
  year=2007,
  issue=6,
  pages={U89-U94}
}


@Article{blias2009stacking,
  author={Emil Blias},
  title={Stacking velocities in the presence of overburden velocity anomalies},
  journal={Geophysical Prospecting},
  volume=57, 
  year=2009,
  pages={323-341}
}

@Article{resheflanda,
  author={Moshe Reshef and Evegeny Landa},
  title={Post-stack velocity analysis in the dip-angle domain using diffractions},
  journal={Geophysical Prospecting},
  volume=57, 
  issue=5,
  year=2009,
  pages={811-821}
}



@Article{aleixo,
  author={Rafael Aleixo and J\"{o}rg Schleicher},
  title={Traveltime approximations for q-{P} waves in vertical transversely isotropy media},
  journal={Geophysical Prospecting},
  year=2010,
  volume=58,
  pages={191-201}
}

@Article{fomelpredict,
  author={Sergey Fomel},
  title={Predictive painting of 3-{D} seismic volumes},
  journal={Geophysics},
  volume=75, 
  year=2010,
  issue=4,
  pages={A25-A30}
}

@Article{fomelstovas,
  author={Sergey Fomel and Alexy Stovas},
  title={Generalized nonhyperbolic moveout approximation},
  journal={Geophysics},
  year=2010,
  Volume=75,
  issue=2,
  pages={U9-U18}
}

@Article{stovas2010,
  author={Alexey Stovas},
  title={Generalized moveout approximation for q{P}-and q{SV}-waves in a homogeneous transversely isotropic medium},
  journal={Geophysics},
  year=2010,
  volume=75,
  issue=6,
  pages={D79-D84}
}

@Article{tsvankin75,
  author={Ilya Tsvankin and James Gaiser and Vladimir Grechka and Mirko van der Baan and Leon Thomsen},
  title={Seismic anisotropy in exploration and reservoir characterization: {A}n overview},
  journal={Geophysics},
  year=2010,
  volume=75,
  issue=5,
  pages={75A15-75A29}
}

@Article{lorenzovti,
  author={Lorenzo Casasanta and Sergey Fomel},
  title={Velocity-independent $\tau-p$ moveout in a horizontally-layered {VTI} medium},
  journal={Geophysics},
  year=2011,
  volume=76,
  issue=4,
  pages={U45-U57}
}

@Article{bayesiandix,
  author={Arild Buland and Odd Kolbjørnsen and Andrew J[] Carter},
  title={Bayesian Dix inversion},
  journal={Geophysics},
  year=2011,
  volume=76,
  issue=2,
  pages={R15–R22}
}

@Article{takanashitsvankin11,
  author={Mamoru Takanashi and Ilya Tsvankin},
  title={Correction for the influence of velocity lenses on nonhyperbolic moveout inversion for {VTI} media},
  journal={Geophysics},
  year=2011,
  volume=76,
  issue=3,
  pages={WA13-WA21}
}

@Article{takanashitsvankin12,
  author={Mamoru Takanashi and Ilya Tsvankin},
  title={Moveout analysis of wide-azimuth data in the presence of lateral velocity variation},
  journal={Geophysics},
  year=2012,
  volume=77,
  issue=3,
  pages={U49-U62}
}

@Article{takanashitsvankinmva,
  author={Mamoru Takanashi and Ilya Tsvankin},
  title={Migration velocity analysis for {TI} media in the presence of quadratic lateral velocity variation},
  journal={Geophysics},
  year=2012,
  volume=77,
  issue=6,
  pages={U87-U96}
}

@Article{stovasfomel,
  author={Alexey Stovas and Sergey Fomel},
  title={Generalized nonelliptic moveout approximation in $\tau-p$ domain},
  journal={Geophysics},
  year=2012,
  volume=77,
  issue=2,
  pages={U23-U30}
}

@Article{golikov,
  author={Pavel Golikov and Alexey Stovas},
  title={Accuracy comparison of nonhyperbolic moveout approximations for q{P}-waves in {VTI} media},
  journal={Journal of Geophysics and Engineering},
  year=2012,
  volume=9,
  pages={428-432}
}

@Article{blias2013,
  author={Emil Blias},
  title={High-accuracy two-interval approximation for normal-moveout function in a multi-layered anisotropic model},
  journal={Geophysical Prospecting},
  volume=61,
  issue=6, 
  year=2013,
  pages={1229-1237}
}


@Article{dell,
  author={S[] Dell and A[] Pronevich and B[] Kashtan and D[] Gajewski},
  title={Diffraction traveltime
approximation for general anisotropic media},
  journal={Geophysics},
  year=2013,
  volume=78,
  issue=5,
  pages={WC15-WC23}
}

@Article{fomellr,
  author={Sergey Fomel and Lexing Ying and Xiaolei Song},
  title={Seismic wave extrapolation using lowrank symbol approximation},
  journal={Geophysical Prospecting},
  volume=61, 
  year=2013,
  pages={526-536}
}

@Article{farra,
  author={V\'{e}ronique Farra and Ivan P\v{s}en\v{c}\'{i}k},
  title={Moveout approximations for {P}- and {SV}-waves in {VTI} media},
  journal={Geophysics},
  year=2013,
  volume=78,
  issue=5,
  pages={WC81-WC92}
}


@Article{song,
  author={Xiaolei Song and Tariq Alkhalifah},
  title={Modeling of pseudoacoustic {P}-waves in orthorhombic media with a low-rank approximation},
  journal={Geophysics},
  Volume=78,
  issue=4,
  pages={C33-C40},
  year=2013,
}

@Article{mamou,
  author={Faranak Mahmoudian and G[] F[] Margrave and P[] F[] Daley and J[] Wong and D[] C[] Henley},
  title={Estimation of elastic stiffness coefficients of an orthorhombic physical model using group velocity analysis on transmission data},
  journal={Geophysics},
  Volume=79,
  issue=1,
  pages={R27-R39},
  year=2014,
}

@Article{fowlerortho,
  author={Paul J[] Fowler and C[] Chu and Cintia Lapilli and P[] Anno and B[] Macy},
  title={Recursive integral time extrapolation of {P}-waves in orthorhombic media},
  journal={Geophysics},
  year=2014,
  note={To be submitted}
}

@Article{zoneortho,
  author={Yanadet Sripanich and Sergey Fomel},
  title={On anelliptic approximations for q{P} velocities in {TI} and orthorhombic media},
  journal={Geophysics},
  Volume=80,
  issue=5,
  pages={C89-C105},
  year=2015,
}

@Article{stovasortho,
  author={Alexey Stovas},
  title={Azimuthally dependent kinematic properties of orthorhombic media},
  journal={Geophysics},
  Volume=80,
  issue=6,
  pages={C107-C122},
  year=2015,
}

@Article{ravvenmoortho,
  author={Igor Ravve and Zvi Koren},
  title={Normal moveout velocity for pure-mode and converted waves in layered orthorhombic media},
  journal={Geophysical Prospecting},
  Volume=80,
  issue=5,
  pages={C89-C105},
  year=2015,
  note={need fix}
}

@Article{siweit2d,
  author={Siwei Li and Sergey Fomel},
  title={A robust approach to time-to-depth conversion and interval velocity estimation from time migration in the presence of lateral velocity variations},
  journal={Geophysical {P}rospecting},
  Volume=63,
  pages={315-337},
  year=2015
}

@Article{fpj,
  author={V\'{e}ronique Farra and Ivan P\v{s}en\v{c}\'{i}k and Petr J\'{i}lek},
  title={Weak-anisotropy moveout approximations for {P} waves in homogeneous layers of monoclinic or higher anisotropy symmetries},
  journal={Geophysics},
  Volume={81},
  issue={2},
  pages={C17-C37},
  year=2016
}



@Article{zoneinterval,
  author={Yanadet Sripanich and Sergey Fomel},
  title={Theory of interval traveltime parameter estimation in layered anisotropic media},
  journal={Geophysics},
  Volume={81},
  issue={5},
  pages={C253-C263},
  year=2016
}

@Article{zonegmapaper,
  author={Yanadet Sripanich and Sergey Fomel and Alexey Stovas and Qi Hao},
  title={3{D} generalized nonhyperboloidal moveout approximation},
  journal={Geophysics},
  Volume={82},
  issue={2},
  pages={C49-C59},
  year=2017
}

@Article{korenravvetriclinic,
  author={Zvi Koren and Igor Ravve},
  title={Normal moveout coefficients for horizontally layered triclinic media},
  journal={Geophysics},
  Volume={82},
  issue={4},
  pages={WA119-WA145},
  year=2017
}

@Article{valente,
  author={Leandro S[] Valente and Henrique B[] Santos and Jess\'{e} C[] Costa and J\"{o}rg Schleicher},
  title={Time-to-depth conversion and velocity estimation by image-wavefront propagation},
  journal={Geophysics},
  Volume={82},
  issue={6},
  pages={U75-U85},
  year=2017
}

@Article{zonet2dweak,
	Author = {Yanadet Sripanich and Sergey Fomel},
	Issue = 3,
	Journal = {Geophysics},
	Pages = {S227-S235},
	Title = {Fast time-to-depth conversion and interval velocity estimation in the case of weak lateral variations},
	Volume = 83,
	Year = 2018}


@preamble{"\providecommand{\SortNoop}[1]{}"}

@book{schleicher,
  author = {J[] Schleicher and M[] Tygel and P[] Hubral},
  title = {Seismic {T}rue-{A}mplitude {I}maging},
  publisher={Society of Exploration Geophysicists},
  year = 2007
}

@book{viking,
  author = {Robert G[] Keys and Douglas J[] Foster},
  title = {Comparison of {S}eismic {I}nversion {M}ethods on a {S}ingle {R}eal {D}ata {S}et},
  publisher={Society of Exploration Geophysicists},
  address={P.O. Box 702740 Tulsa, OK 74170-2740},
  year = 1998
}

@book{goldin,
  author = {Sergey V[] Goldin},
  title = {Seismic {T}raveltime {I}nversion},
  publisher={Society of Exploration Geophysicists},
  address={P.O. Box 702740 Tulsa, OK 74170-2740},
  year = 1986
}

@booklet{bei,
  author = {Jon Claerbout},
  title = {Basic {E}arth {I}maging},
  note={http://sepwww.stanford.edu/sep/prof/bei11.2010.pdf},
  year = 1996
}

@book{cerveny,
  author = {V[] {\SortNoop{Cerveny}}\v{C}erven\'{y}},
  title = {Seismic {R}ay {T}heory},
  publisher = {Cambridge University Press},
  year = 2001
}

@book{hubralkrey,
  author={Peter Hubral and Theodor Krey},
  title={Interval {V}elocities from {S}eismic {R}eflection {T}ime {M}easurements},
  year={1980},
  publisher={Society of Exploration Geophysicists},
  address={P.O. Box 702740 Tulsa, OK 74170-2740}
}

@book{yilmaz,
  author={O[] {\SortNoop{Yilmaz}}Yilmaz},
  title={Seismic data analysis},
  year={2001},
  edition=2,
  publisher={Society of Exploration Geophysicists},
  address={P.O. Box 702740 Tulsa, OK 74170-2740}
}

@book{rugerbook,
  author = {Andreas R\"{u}ger},
  title = {Reflection {C}oefficients and {A}zimuthal {AVO} {A}nalysis in {A}nisotropic {M}edia},
  year={2002},
  publisher={Society of Exploration Geophysicists},
  address={P.O. Box 702740 Tulsa, OK 74170-2740}
}

@book{grechkabook,
  author={Vladimir Grechka},
  title={Applications of {S}eismic {A}nisotropy in the {O}il and {G}as {I}ndustry},
  year={2009},
  publisher={European Association of Geoscientists and Engineers},
  address={P.O. Box 59 3990 DB Houten The Netherlands}
}

@book{tsvankin2011book,
  author={Ilya Tsvankin and Vladimir Grechka},
  title={Seismology of {A}zimuthally {A}nisotropic {M}edia and {S}eismic {F}racture {C}haracterization},
  year={2011},
  publisher={Society of Exploration Geophysicists},
  address={P.O. Box 702740 Tulsa, OK 74170-2740}
}

@book{tsvankinbook,
  author={Ilya Tsvankin},
  title={Seismic {S}ignatures and {A}nalysis of {R}eflection {D}ata in {A}nisotropic {M}edia},
  year={2012},
  publisher={Society of Exploration Geophysicists},
  address={P.O. Box 702740 Tulsa, OK 74170-2740}
}

@book{thomsenbook,
  author={Leon Thomsen},
  title={Understanding {S}eismic {A}nisotropy in {E}xploration and {E}xploitation},
  year={2014},
  edition=2,
  publisher={Society of Exploration Geophysicists and European Association of Geoscientists and Engineers},
}

@book{gritsenkobook,
  author={S[] A[] Gritsenko},
  title={Imaging of {G}eological {S}ections and {V}elocity {E}stimation by {C}ommon {D}epth {P}oint},
  year={2013},
  publisher={{VSEGEI} {P}ress},
  note={in Russian}
}

@BOOK{su,
  author = {David Forel and Thomas Benz and Wayne D[] Pennington},
  title = {Seismic {D}ata {P}rocessing with {S}eismic {U}n*x: {A} {2D} {S}eismic {D}ata {P}rocessing {P}rimer},
  publisher = {Society of Exploration Geophysicists},
  year = 2005
}

PROCEEDINGS ##############################################################################################################

@inproceedings{alortho,
  author={A[] Al--{D}ajani and Ilya Tsvankin and M[] Nafi Toks\"{o}z},
  title={Non-hyperbolic reflection moveout for azimuthally anisotropic media},
  journal={Geophysics},
  booktitle={68th Annual International Meeting Expanded Abstracts},
  publisher={Society of Exploration Geophysicists},
  year=1998,
  pages={1479-1482}
}


@inproceedings{stopin,
  author={Alexandre Stopin},
  title={Comparison of $v(\theta)$ equations in {TI} medium},
  booktitle={9th International Workshop on Seismic Anisotropy},
  year=2001
}

@inproceedings{zhang,
  author={F[] Zhang and N[] Uren},
  title={Approximate explicit ray velocity functions and travel times for {P}-waves in {TI} media},
  booktitle={71st Annual International Meeting Expanded Abstracts},
  publisher={Society of Exploration Geophysicists},
  year=2001,
  pages={106-109}
}

@inproceedings{bliaskhat,
  author={E[] Blias and V[] Khatchatran},
  title={Optimization approach to traveltime inversion for a medium with laterally inhomogeneous curvilinear layers},
  booktitle={73th Annual International Meeting Expanded Abstracts},
  publisher={Society of Exploration Geophysicists},
  year=2003,
  pages={670-673}
}

@inproceedings{bliasgritsenko,
  author={E[] Blias and S[] Gritsenko},
  title={Stacking velocities for different offsets in the medium with laterally inhomogeneous layers},
  booktitle={73th Annual International Meeting Expanded Abstracts},
  publisher={Society of Exploration Geophysicists},
  year=2003,
  pages={2160-2163}
}

@inproceedings{taner2005,
  author={M[] T[] Taner and Sven Treitel and M[] Al-Chalabi},
  title={A new traveltime estimation method for horizontal strata},
  booktitle={75th Annual International Meeting Expanded Abstracts},
  publisher={Society of Exploration Geophysicists},
  year=2005,
  pages={2273-2276}
}

@inproceedings{will,
  author={William Burnett and Sergey Fomel},
  title={Moveout analysis by time-warping},
  booktitle={79th Annual International Meeting Expanded Abstracts},
  publisher={Society of Exploration Geophysicists},
  year=2009,
  pages={3710-3714}
}

@inproceedings{blias2009,
  author={Emil Blias},
  title={Long-offset {NMO} approximatiosn for a layered {VTI} model: {M}odel study},
  booktitle={79th Annual International Meeting Expanded Abstracts},
  publisher={Society of Exploration Geophysicists},
  year=2009,
  pages={3745-3748}
}

@inproceedings{fowlerking,
  author={Paul J[] Fowler and Ryan King},
  title={Modeling and reverse time migration of orthorhombic pseudo-acoustic {P}-waves},
  booktitle={81st Annual International Meeting Expanded Abstracts},
  publisher={Society of Exploration Geophysicists},
  year=2011,
  pages={190-195}
}

@inproceedings{lorenzo3d,
  author={Lorenzo Casasanta},
  title={{NMO}-ellipse independent 3{D} moveout analysis in $\tau-p$ domain},
  booktitle={81tst Annual International Meeting Expanded Abstracts},
  publisher={Society of Exploration Geophysicists},
  year=2011,
  pages={289-294}
}


@inproceedings{fowlerlapilli,
  author={Paul J[] Fowler and Cintia Lapilli},
  title={Generalized pseudospectral methods for orthorhombic modeling and reverse-time migration},
  booktitle={74th Annual EAGE Meeting Expanded Abstracts},
  publisher={EAGE},
  year=2012
}

@inproceedings{junzhe,
  author={Junzhe Sun and Sergey Fomel},
  title={Lowrank one-step wave extrapolation},
  booktitle={83rd Annual International Meeting Expanded Abstracts},
  publisher={Society of Exploration Geophysicists},
  year=2013,
  pages={3905-3910}
}

@inproceedings{pervuk,
  author={M[] Pervukhina and P[] Golodoniuc and D[] N[] Dewhurst},
  title={Phenomenological {S}tudy of {S}eismic {A}nisotropy in {S}hales},
  booktitle={75th Annual EAGE Meeting Expanded Abstracts},
  publisher={EAGE},
  year=2013
}

@inproceedings{haven,
  author={Jesse Haven and Michael Batzle},
  title={Thomsen parameter relationships and estimation from laboratory ultrasonic data},
  booktitle={84th Annual International Meeting Expanded Abstracts},
  publisher={Society of Exploration Geophysicists},
  year=2014,
  pages={2772-2777}
}


@inproceedings{zone2,
  author={Yanadet Sripanich and Sergey Fomel},
  title={Anelliptic approximations for q{P} velocities in orthorhombic media},
  booktitle={84th Annual International Meeting Expanded Abstracts},
  publisher={Society of Exploration Geophysicists},
  year=2014,
  pages={453-457}
}

@inproceedings{zone,
  author={Yanadet Sripanich and Sergey Fomel},
  title={Modified anelliptic approximations for q{P} velocities in tranversely isotropic media},
  booktitle={84th Annual International Meeting Expanded Abstracts},
  publisher={Society of Exploration Geophysicists},
  year=2014,
  pages={409-414}
}

@inproceedings{gardner,
  author={Sergey Fomel},
  title={Transforming prestack seismic data by Gardner continuation},
  booktitle={84th Annual International Meeting Expanded Abstracts},
  publisher={Society of Exploration Geophysicists},
  year=2014,
  pages={4643-4649}
}

@inproceedings{zonetwopoint,
  author={Yanadet Sripanich and Sergey Fomel},
  title={Two-point seismic ray tracing in layered media useing bending},
  booktitle={84th Annual International Meeting Expanded Abstracts},
  publisher={Society of Exploration Geophysicists},
  year=2014,
  pages={3371-3376}
}

@inproceedings{hao,
  author={Qi Hao and Alexey Stovas},
  title={Anelliptic approximation of P-wave phase velocity in orthorhombic media},
  booktitle={16th International Workshop on Seismic Anisotropy},
  year=2014,
}

@inproceedings{haogma,
  author={Qi Hao and Alexey Stovas},
  title={Three dimensional generalized nonhyperbolic moveout approximation -- {A}pplication on a 3{D} {HTI} model},
  booktitle={76th Annual EAGE Meeting Expanded Abstracts},
  publisher={EAGE},
  year=2014,
}

@inproceedings{zonegma,
  author={Yanadet Sripanich and Sergey Fomel},
  title={3{D} generalized nonhyperboloidal moveout approximation},
  booktitle={85th Annual International Meeting Expanded Abstracts},
  publisher={Society of Exploration Geophysicists},
  year=2015,
  pages={5147-5152}
}

@inproceedings{zonet2d,
  author={Yanadet Sripanich and Sergey Fomel},
  title={Fast time-to-depth conversion and interval velocity estimation with weak lateral variations},
  booktitle={87th Annual International Meeting Expanded Abstracts},
  publisher={Society of Exploration Geophysicists},
  year=2017,
  pages={5701-5705}
}
PHD ##############################################################################################################

@phdthesis{joethesis,
  author={Joe A. Dellinger},
  title={Anisotropic {S}eismic {W}ave {P}ropagation},
  school={Stanford {U}niversity},
  year=1991
}


