@article{fomelslope,
	Author = {Sergey Fomel},
	Date-Added = {2018-05-23 15:54:06 +0000},
	Date-Modified = {2018-05-23 15:56:13 +0000},
	Journal = {Geophysics},
	issue = {3},
	Pages = {S139-S147},
	Title = {Velocity-independent time-domain seismic imaging using local slopes},
	Volume = 72,
	Year = 2007}

@ARTICLE{otto,
	AUTHOR = {R Ottolini},
	TITLE = {Velocity independent seismic imaging},
	JOURNAL = {SEP},
	VOLUME = {37},
	PAGES = {59-68},
	YEAR = {1983}
}


@article{grechkatsvankinlathet,
	Author = {Vladimir Grechka and Ilya Tsvankin},
	Date-Added = {2018-05-23 15:32:09 +0000},
	Date-Modified = {2018-05-23 15:33:28 +0000},
	Journal = {Geophysics},
	Number = {4},
	Pages = {1202-1218},
	Title = {3-{D} moveout inversion in azimuthally anisotropic media with lateral velocity variation: {T}heory and a case study},
	Volume = {64},
	Year = {1999}}

@article{taner,
	Author = {T[] Taner and F[] Koehler},
	Date-Added = {2018-05-23 14:37:41 +0000},
	Date-Modified = {2018-05-23 14:39:13 +0000},
	Journal = {Geophysics},
	Pages = {859-881},
	Title = {Velocity spectra -- {D}igital computer derivation and applications of velocity functions},
	Volume = 34,
	Year = 1969}

@article{willfomelaniso,
	Author = {William Burnett and Sergey Fomel},
	Date-Added = {2018-05-23 14:18:21 +0000},
	Date-Modified = {2018-05-23 14:19:19 +0000},
	Journal = {Geophysics},
	Number = {5},
	Pages = {WB129-WB136},
	Title = {3{D} velocity-independent elliptically anisotropic moveout correction},
	Volume = {74},
	Year = {2009}}

@article{similaritysemblance,
	Author = {Yangkang Chen and Tingting Liu and Xiaohong Chen},
	Date-Added = {2018-05-23 14:17:12 +0000},
	Date-Modified = {2018-05-23 14:18:14 +0000},
	Journal = {Geophysics},
	issue = {4},
	Pages = {A75-A82},
	Title = {Velocity analysis using similarity-weighted semblance},
	Volume = {80},
	Year = {2015}}

@article{fomelab,
	Author = {Sergey Fomel},
	Date-Added = {2018-05-23 14:16:29 +0000},
	Date-Modified = {2018-05-23 14:17:06 +0000},
	Journal = {Geophysical {P}rospecting},
	Pages = {311-321},
	Title = {Velocity analysis using {AB} semblance},
	Volume = {57},
	Year = {2009}}

@inproceedings{huthomsen,
	Author = {Bobo Hu and Leon Thomsen and David Reynolds},
	Booktitle = {87st Annual International Meeting Expanded Abstracts},
	Date-Added = {2018-05-23 14:14:14 +0000},
	Date-Modified = {2018-05-23 14:15:24 +0000},
	Pages = {416-420},
	Publisher = {Society of Exploration Geophysicists},
	Title = {Statistical analysis of the parameterization in azimuthal anisotropic seismic processing},
	Year = {2017}}

@article{korenmc,
	Author = {Zvi Koren and Klaus Mosegaard and Evgeny Landa and Pierre Thore and Albert Tarantola},
	Date-Added = {2018-05-23 14:05:38 +0000},
	Date-Modified = {2018-05-23 14:07:20 +0000},
	Journal = {Journal of {G}eophysical {R}esearch},
	Number = {B12},
	Pages = {20289-20299},
	Title = {Monte {C}arlo estimation and resolution analysis of seismic background velocities},
	Volume = {96},
	Year = {1991}}

@article{mosetaran,
	Author = {Klaus Mosegaard and Albert Tarantola},
	Journal = {Journal of {G}eophysical {R}esearch},
	Number = {B7},
	Pages = {12431-12447},
	Title = {Monte {C}arlo sampling of solutions to inverse problems},
	Volume = {100},
	Year = {1995}}
	
@book{viking,
	Author = {R[] G[] Keys and D[] J[] Foster},
	Title = {Comparison of seismic inversion methods on a single
real data set},
	publisher = {Society of Exploration Geophysicists Press},
	Year = {1998}}
	
@article{sambridgemose,
	Author = {Malcolm Sambridge and Klaus Mosegaard},
	Journal = {Reviews of {G}eophysics},
	Number = {3},
	Pages = {1-29},
	Title = {Monte {C}arlo methods in geophysical inverse problems},
	Volume = {40},
	Year = {2002}}

@article{luohale,
	Author = {Simon Luo and Dave Hale},
	Date-Added = {2018-05-23 14:04:38 +0000},
	Date-Modified = {2018-05-23 14:05:23 +0000},
	Journal = {Geophysics},
	issue = {2},
	Pages = {U15-U22},
	Title = {Velocity analysis using weighted semblance},
	Volume = {77},
	Year = {2012}}

@Article{lynnclaerbout,
  author={Walter S[] Lynn and Jon F[] Claerbout},
  title={Velocity estimation in laterally varying media},
  journal={Geophysics},
  year=1982,
  Volume=47,
  issue=6,
  pages={884-897}
}


@inproceedings{fomelrecenttime,
  author={Sergey Fomel},
  title={Recent advances in time-domain seismic imaging},
  booktitle={84th Annual International Meeting Expanded Abstracts},
  publisher={Society of Exploration Geophysicists},
  year=2014,
  pages={4400-4404}
}

@inproceedings{lynnazimuth,
	Author = {Walt Lynn},
	Booktitle = {77th Annual International Meeting Expanded Abstracts},
	Date-Added = {2018-05-23 14:00:16 +0000},
	Date-Modified = {2018-05-23 14:04:33 +0000},
	Pages = {84-88},
	Publisher = {Society of Exploration Geophysicists},
	Title = {Uncertainty implications in azimuthal velocity analysis},
	Year = {2007}}

@inproceedings{lynncertainty,
	Author = {Walt Lynn},
	Booktitle = {81st Annual International Meeting Expanded Abstracts},
	Date-Added = {2018-05-23 13:54:04 +0000},
	Date-Modified = {2018-05-23 13:55:42 +0000},
	Pages = {279-283},
	Publisher = {Society of Exploration Geophysicists},
	Title = {Azimuthal interval velocity uncertainty},
	Year = {2011}}

@article{sarkar2001,
	Author = {D[] Sarkar and J[] P[] Castagna and W[] J[] Lamb},
	Date-Added = {2018-05-23 13:53:02 +0000},
	Date-Modified = {2018-05-23 13:53:50 +0000},
	Journal = {Geophysics},
	Number = {4},
	Pages = {1284-1293},
	Title = {{AVO} and velocity analysis},
	Volume = {66},
	Year = {2001}}

@article{sarkar2002,
	Author = {Debashish Sarkar and Robert T[] Baumel and Ken L[] Larner},
	Date-Added = {2018-05-23 13:51:16 +0000},
	Date-Modified = {2018-05-23 13:52:47 +0000},
	Journal = {Geophysics},
	Number = {5},
	Pages = {1664-1672},
	Title = {Velocity analysis in the presence of amplitude variation},
	Volume = {67},
	Year = {2002}}

@article{silsen,
	Author = {Samik Sil and Mrinal K[] Sen},
	Date-Added = {2018-05-23 13:50:04 +0000},
	Date-Modified = {2018-05-23 13:51:08 +0000},
	Journal = {Geophysical {J}ournal {I}nternational},
	Number = {587-597},
	Title = {Azimuthal $\tau$-p analysis in anisotropic media},
	Volume = {175},
	Year = {2008}}

@article{wilsongross,
	Author = {Hamish Wilson and Lutz Gross},
	Date-Added = {2018-05-23 13:48:35 +0000},
	Date-Modified = {2018-05-23 13:49:37 +0000},
	Journal = {Geophysics},
	issue = {5},
	Pages = {V297-V309},
	Title = {Amplitude variation with offset-friendly bootstrapped differential semblance},
	Volume = {82},
	Year = {2017}}

@article{yantsvankin,
	Author = {Jia Yan and Ilya Tsvankin},
	Date-Added = {2018-05-23 13:47:26 +0000},
	Date-Modified = {2018-05-23 13:48:27 +0000},
	Journal = {Geophysics},
	issue = {2},
	Pages = {U1-U11},
	Title = {{AVO}-sensitive semblance analysis for wide-azimuth data},
	Volume = {73},
	Year = {2008}}

@article{abbad,
	Author = {Brahim Abbad and Bj\orn Ursin and Didier Rappin},
	Date-Added = {2018-05-23 13:37:35 +0000},
	Date-Modified = {2018-05-23 13:47:07 +0000},
	Journal = {Geophysics},
	issue = {2},
	Pages = {U1-U12},
	Title = {Automatic nonhyperbolic velocity analysis},
	Volume = {74},
	Year = {2009}}

@article{dix,
	Author = {C[] H[] Dix},
	Journal = {Geophysics},
	Pages = {68-86},
	Title = {Seismic velocities from surface measurements},
	Volume = 20,
	Year = 1955}

@article{bolshix,
	Author = {C[] F[] Bolshykh},
	Journal = {Applied Geophysics},
	Note = {in Russian},
	Pages = {3-15},
	Title = {Approximate model for the reflected wave traveltime curve in multilayered media},
	Volume = 15,
	Year = 1956}

@article{gass,
	Author = {Fritz Gassmann},
	Journal = {Pure and Applied Geophysics},
	Pages = {63-112},
	Title = {Introduction to seismic travel time methods in anisotropic media},
	Volume = 58,
	Year = 1964}

@article{neidell,
	Author = {N[] S[] Neidell and M[] T[] Taner},
	Journal = {Geophysics},
	Pages = {482-497},
	Title = {Semblance and other cohenrency measures for multichannel data},
	Volume = 36,
	issue=3,
	Year = 1971}


@article{scho80,
	Author = {Michael Schoenberg},
	Journal = {J. Acoust. Soc. Am.},
	Pages = {1516-1521},
	Title = {Elastic wave behavior across linear slip interfaces},
	Volume = 68,
	Year = 1980}

@article{hudson81,
	Author = {J[] A[] Hudson},
	Journal = {Geophysical {J}ournal of the {R}oyal {A}stronomical {S}ociety},
	Pages = {133-150},
	Title = {Wave speeds and attenuation of elastic waves in material containing cracks},
	Volume = 64,
	Year = 1981}

@article{jw,
	Author = {L[] E[] A[] Jones and H[] F[] Wang},
	Journal = {Geophysics},
	Pages = {288-297},
	Title = {Ultrasonic velocities in Cretaceous shales from the Williston Basin},
	Volume = 46,
	Year = 1981}

@article{hake,
	Author = {H[] Hake and K[] Helbig and C[] S[] Mesdag},
	Journal = {Geophysical Prospecting},
	Pages = {828-850},
	Title = {Three-term {T}aylor series for $t^2$ -- $x^2$ curves over layered transversely isotropic ground},
	Volume = 32,
	Year = 1984}

@article{md,
	Author = {Francis Muir and Joe Dellinger},
	Journal = {SEP},
	Pages = {55-58},
	Title = {A practical anisotropic system},
	Volume = 44,
	Year = 1985}

@article{thomsen,
	Author = {Leon Thomsen},
	Journal = {Geophysics},
	Pages = {1954-1966},
	Title = {Weak elastic anisotropy},
	Volume = 51,
	Year = 1986}

@article{sword,
	Author = {C[] H[] Sword},
	Journal = {SEP},
	Pages = {313-316},
	Title = {A Soviet look at datum shift},
	Volume = 51,
	Year = 1987}

@article{debazel,
	Author = {E[] de Bazelaire},
	Journal = {Geophysics},
	Pages = {143-157},
	Title = {Normal moveout revisited-Inhomogeneous media and curved interfaces},
	Volume = 53,
	Year = 1988}

@article{kirlin,
	Author = {R[] L[] Kirlin},
	Journal = {Geophysics},
	Pages = {1027-1033},
	Title = {The relationship between semblance and eigenstructure velocity estimators},
	Volume = 57,
	issue=8,
	Year = 1992}

@article{mdk,
	Author = {Joe Dellinger and Francis Muir and M[] Karrenbach},
	Journal = {Journal of Seismic Exploration},
	Pages = {23-40},
	Title = {Anelliptic approximations for {TI} media},
	Volume = 2,
	Year = 1993}

@article{thomsen1994,
	Author = {Leon Thomsen},
	Journal = {Geophysical Prospecting},
	Pages = {805-829},
	Title = {Elastic anisotropy due to aligned cracks in porous media},
	Volume = 43,
	Year = 1994}

@article{tsvankinthomsen1994,
	Author = {Ilya Tsvankin and Leon Thomsen},
	Journal = {Geophysics},
	Pages = {1290-1304},
	Title = {Non-hyperbolic reflection moveout in anisotropic media},
	Volume = 59,
	Year = 1994}

@article{castle,
	Author = {R[] J[] Castle},
	Journal = {Geophysics},
	Pages = {983-999},
	Title = {Theory of normal moveout},
	Volume = 59,
	Year = 1994}

@article{alkatsvankin,
	Author = {Tariq Alkhalifah and Ilya Tsvankin},
	Journal = {Geophysics},
	Pages = {1550-1566},
	Title = {Velocity Analysis for transversely isotropic media},
	Volume = 60,
	Year = 1995}

@article{schosayer,
	Author = {Michael Schoenberg and Colin M[] Sayers},
	Journal = {Geophysics},
	Pages = {204-211},
	Title = {Seismic anisotropy of fractured rock},
	Volume = 60,
	Year = 1995}

@article{tsvankinvti,
	Author = {Ilya Tsvankin},
	Journal = {Geophysics},
	Pages = {467-483},
	Title = {P-wave signatures and notation for transversely isotropic media: {A}n overview},
	Volume = 61,
	Year = 1996}

@article{helbig,
	Author = {Michael Schoenberg and Klaus Helbig},
	Journal = {Geophysics},
	Pages = {1954-1974},
	Title = {Orthorhombic media: Modeling elastic wave behavior in a vertically fractured earth},
	Volume = 62,
	Year = 1997}

@article{alkava,
	Author = {Tariq Alkhalifah},
	Journal = {Geophysics},
	Pages = {1839-1854},
	Title = {Velocity analysis using nonhyperbolic moveout in transversely isotropic media},
	Volume = 62,
	Year = 1997}

@article{tsvankinortho,
	Author = {Ilya Tsvankin},
	Journal = {Geophysics},
	Pages = {1292-1309},
	Title = {Anisotropic parameters and {P}-wave velocity for orthorhombic media},
	Volume = 62,
	Year = 1997}

@article{vernik,
	Author = {Lev Vernik and Xingzhou Liu},
	Journal = {Geophysics},
	Pages = {521-532},
	Title = {Velocity anisotropy in shales: {A} petrophysical study},
	Volume = 62,
	Year = 1997}

@article{alhti,
	Author = {A[] Al--{D}ajani and Ilya Tsvankin},
	Issue = 5,
	Journal = {Geophysics},
	Pages = {1738-1753},
	Title = {Non-hyperbolic reflection moveout for horizontal transverse isotropy},
	Volume = 63,
	Year = 1998}

@article{nmoellipse,
	Author = {Vladimir Grechka and Ilya Tsvankin},
	Issue = 3,
	Journal = {Geophysics},
	Pages = {1079-1092},
	Title = {3-{D} description of normal moveout in anisotropic inhomogeneous media},
	Volume = 63,
	Year = 1998}
	
@article{nonphyperfeasibility,
	Author = {Vladimir Grechka and Ilya Tsvankin},
	Issue = 3,
	Journal = {Geophysics},
	Pages = {957-969},
	Title = {Feasibility of nonhyperbolic moveout inversion in transversely isotropic media},
	Volume = 63,
	Year = 1998}	

@article{alkavti,
	Author = {Tariq Alkhalifah},
	Journal = {Geophysics},
	Pages = {623-631},
	Title = {Acoustic approximations for processing in transversely isotropic media},
	Volume = 63,
	Year = 1998}

@article{bgb,
	Author = {James Berryman and Vladimir Grechka and Patricia Berge},
	Journal = {Geophysical Prospecting},
	Pages = {959-978},
	Title = {Analysis of {T}homsen parameters for finely layered {VTI} media},
	Volume = 47,
	Year = 1999}

@article{alkavti2,
	Author = {Tariq Alkhalifah},
	Journal = {Geophysics},
	Pages = {1239-1250},
	Title = {An acoustic wave equation for anisotropic media},
	Volume = 65,
	Year = 2000}

@article{alkavti3,
	Author = {Tariq Alkhalifah},
	Journal = {Geophysics},
	Pages = {1316-1325},
	Title = {The offset-midpoint traveltime pyramid in traversely isotropic media},
	Volume = 65,
	Year = 2000}

@article{bakulin1,
	Author = {Andrey Bakulin and Vladimir Grechka and Ilya Tsvankin},
	Issue = 6,
	Journal = {Geophysics},
	Pages = {1788-1802},
	Title = {Estimation of fracture parameters from reflection seismic data--{P}art {I}: {HTI} model due to a single fracture set},
	Volume = 65,
	Year = 2000}

@article{bakulin2,
	Author = {Andrey Bakulin and Vladimir Grechka and Ilya Tsvankin},
	Issue = 6,
	Journal = {Geophysics},
	Pages = {1803-1817},
	Title = {Estimation of fracture parameters from reflection seismic data--{P}art {II}: {F}ractured models with orthorhombic symmetry},
	Volume = 65,
	Year = 2000}

@article{bakulin3,
	Author = {Andrey Bakulin and Vladimir Grechka and Ilya Tsvankin},
	Issue = 6,
	Journal = {Geophysics},
	Pages = {1818-1830},
	Title = {Estimation of fracture parameters from reflection seismic data--{P}art {III}: {F}ractured models with monoclinic symmetry},
	Volume = 65,
	Year = 2000}

@article{schohoop,
	Author = {Michael Schoenberg and Maarten V[] de Hoop},
	Issue = 3,
	Journal = {Geophysics},
	Pages = {919-933},
	Title = {Approximate disperion relations for q{P}-q{SV}-waves in transversely isotropic media},
	Volume = 65,
	Year = 2000}

@article{fomelvail,
	Author = {Sergey Fomel and L[] Vaillant},
	Journal = {Journal of Seismic Exploration},
	Pages = {319-335},
	Title = {Evaluating the Stolt-stretch parameter},
	Volume = 9,
	Year = 2001}
	
@article{crs,
	Author = {R[] J\"{a}ger and J[] Mann and G[] H\"{o}cht and P[] Hubral},
	Journal = {Geophysics},
	Pages = {97-109},
	Title = {Common-reflection-surface stack: {I}mage and attributes},
	Volume = 66,
	Year = 2001}

@article{fomelpwd,
	Author = {Sergey Fomel},
	Journal = {Geophysics},
	Pages = {1946-1960},
	Title = {Applications of plane-wave destruction filters},
	Volume = 67,
	Year = 2002}

@article{wang,
	Author = {Zhijing Wang},
	Journal = {Geophysics},
	Pages = {1423-1440},
	Title = {Seismic anisotropy in sedimentary rocks, {P}art 2: {L}aboratory data},
	Volume = 67,
	Year = 2002}

@article{alkaortho,
	Author = {Tariq Alkhalifah},
	Journal = {Geophysics},
	Pages = {1169-1172},
	Title = {An acoustic wave equation for orthorhombic anisotropy},
	Volume = 68,
	Year = 2003}

@article{fowlervti,
	Author = {Paul J[] Fowler},
	Journal = {Journal of Applied Geophysics},
	Pages = {347-367},
	Title = {Practical {VTI} approximations: {A} systematic anatomy},
	Year = 2003}

@article{pech2003,
	Author = {And\'{r}es Pech and Ilya Tsvankin},
	Issue = 5,
	Journal = {Geophysics},
	Pages = {1600-1610},
	Title = {Quatic moveout coefficient: 3{D} description and application to tilted {TI} media},
	Volume = 68,
	Year = 2003}

@article{pech2004,
	Author = {And\'{r}es Pech and Ilya Tsvankin},
	Issue = 3,
	Journal = {Geophysics},
	Pages = {699-707},
	Title = {Quatic moveout coefficient for a dipping azimuthally anisotropic layer},
	Volume = 69,
	Year = 2004}

@techreport{daley,
	Author = {P[] F[] Daley and E[] S[] Krebes and L[] R[] Lines},
	Booktitle = {CREWES Research Report},
	Institution = {University of Calgary},
	Title = {Phase velocity approximations in a transversely isotropic medium},
	Volume = 16,
	Year = 2004}

@article{fomel,
	Author = {Sergey Fomel},
	Journal = {Geophysical Prospecting},
	Pages = {247-259},
	Title = {On anelliptic approximations for q{P} velocities in {VTI} media},
	Volume = 52,
	Year = 2004}

@article{stovas2004,
	Author = {Alexey Stovas and Bj\orn Ursin},
	Journal = {Journal of Geophysics and Engineering},
	Pages = {128-133},
	Title = {New travel-time approximations for a transversely isotropic medium},
	Volume = 1,
	Year = 2004}
	
@article{malinverno,
	Author = {A[] Malinverno and Victoria A[] Briggs},
	Journal = {Geophysics},
	Pages = {1005-1016},
	Title = {Expanded uncertainty quantification in inverse problems: {H}ierarchical {B}ayes and empirical {B}ayes},
	Volume = 69,
	issue=4,
	Year = 2004}

@article{helbig75,
	Author = {Klaus Helbig and Leon Thomsen},
	Journal = {Geophysics},
	Pages = {9ND-23ND},
	Title = {75-plus years of anisotropy in exploration and reservoir seismics: {A} historical review of concepts and methods},
	Volume = 70,
	Year = 2005}

@article{xu,
	Author = {Xiaoxia Xu and Ilya Tsvankin and And\'{r}es Pech},
	Journal = {Geophysics},
	Pages = {D43-D53},
	Title = {Geometrical spreading of {P}-waves in horizontally layered, azimuthally anisotropic media},
	Volume = 70,
	Year = 2005}

@article{ursin,
	Author = {Bj\orn Ursin and Alexey Stovas},
	Issue = 2,
	Journal = {Geophysics},
	Pages = {D23-D33},
	Title = {Traveltime approximations for a layered transversely isotropic medium},
	Volume = 71,
	Year = 2006}

@article{sambridgetrans1,
	Author = {M[] Sambridge and K[] Gallagher and A[] Jackson and P Rickwood},
	Journal = {Geophysical Journal International},
	Pages = {528-542},
	Title = {Trans-dimensional inverse problems, model comparison and the evidence},
	Volume = 167,
	Year = 2006}

@article{vascon,
	Author = {Ivan Vasconcelos and Ilya Tsvankin},
	Journal = {Geophysical Prospecting},
	Pages = {535-552},
	Title = {Non-hyperbolic moveout inversion of wide-azimuth {P}-wave data for orthorhombic media},
	Volume = 54,
	Year = 2006}

@article{zhutsvankinti,
	Author = {Yaping Zhu and Ilya Tsvankin},
	Issue = 2,
	Journal = {Geophysics},
	Pages = {T17-T30},
	Title = {Plane-wave propagation in attenuative transversely isotropic media},
	Volume = 71,
	Year = 2006}

@article{zhutsvankinortho,
	Author = {Yaping Zhu and Ilya Tsvankin},
	Issue = 1,
	Journal = {Geophysics},
	Pages = {D9-D19},
	Title = {Plane-wave attenuation anisotropy in orthorhombic media},
	Volume = 72,
	Year = 2007}

@article{ct2d,
	Author = {M[] K[] Cameron and Sergey Fomel and J[] A[] Sethian},
	Journal = {Inverse {P}roblems},
	Pages = {1329-1369},
	Title = {Seismic velocity estimation from time migration},
	Volume = 23,
	Year = 2007}

@article{schleicherdip,
	Author = {J\"{o}rg Schleicher and J[] C[] Costa and L[] T[] Santos and A[] Novais and M[] Tygel},
	Journal = {Geophysics},
	Pages = {P25-P33},
	Title = {On the estimation of local slopes},
	Volume = 74,
	issue=4,
	Year = 2009}

@article{aleixo,
	Author = {Rafael Aleixo and J\"{o}rg Schleicher},
	Journal = {Geophysical Prospecting},
	Pages = {191-201},
	Title = {Traveltime approximations for q-{P} waves in vertical transversely isotropy media},
	Volume = 58,
	Year = 2010}

@article{fomelpredict,
	Author = {Sergey Fomel},
	Issue = 4,
	Journal = {Geophysics},
	Pages = {A25-A30},
	Title = {Predictive painting of 3-{D} seismic volumes},
	Volume = 75,
	Year = 2010}

@article{fomelstovas,
	Author = {Sergey Fomel and Alexy Stovas},
	Issue = 2,
	Journal = {Geophysics},
	Pages = {U9-U18},
	Title = {Generalized nonhyperbolic moveout approximation},
	Volume = 75,
	Year = 2010}

@article{stovas2010,
	Author = {Alexey Stovas},
	Issue = 6,
	Journal = {Geophysics},
	Pages = {D79-D84},
	Title = {Generalized moveout approximation for q{P}-and q{SV}-waves in a homogeneous transversely isotropic medium},
	Volume = 75,
	Year = 2010}

@article{tsvankin75,
	Author = {Ilya Tsvankin and James Gaiser and Vladimir Grechka and Mirko van der Baan and Leon Thomsen},
	Issue = 5,
	Journal = {Geophysics},
	Pages = {75A15-75A29},
	Title = {Seismic anisotropy in exploration and reservoir characterization: {A}n overview},
	Volume = 75,
	Year = 2010}

@article{alkascan,
	Author = {Tariq Alkhalifah},
	Journal = {Geophysics},
	Pages = {U13-U22},
	Title = {Scanning anisotropy parameters in complex media},
	Volume = 76,
	issue=2,
	Year = 2011}

@article{crsslope,
	Author = {L[] Santos and J[] Schleicher and J[] C[] Costa and A[] Novais},
	Journal = {Geophysics},
	Pages = {U23-U34},
	Title = {Fast estimation of common-reflection-surface parameters using local slopes},
	Volume = 76,
	issue=2,
	Year = 2011}

@article{lorenzovti,
	Author = {Lorenzo Casasanta and Sergey Fomel},
	Issue = 4,
	Journal = {Geophysics},
	Pages = {U45-U57},
	Title = {Velocity-independent $\tau-p$ moveout in a horizontally-layered {VTI} medium},
	Volume = 76,
	Year = 2011}

@article{golikov,
	Author = {Pavel Golikov and Alexey Stovas},
	Journal = {Journal of Geophysics and Engineering},
	Pages = {428-432},
	Title = {Accuracy comparison of nonhyperbolic moveout approximations for q{P}-waves in {VTI} media},
	Volume = 9,
	Year = 2012}

@article{blias2013,
	Author = {Emil Blias},
	Issue = 6,
	Journal = {Geophysical Prospecting},
	Pages = {1229-1237},
	Title = {High-accuracy two-interval approximation for normal-moveout function in a multi-layered anisotropic model},
	Volume = 61,
	Year = 2013}

@article{fomellr,
	Author = {Sergey Fomel and Lexing Ying and Xiaolei Song},
	Journal = {Geophysical Prospecting},
	Pages = {526-536},
	Title = {Seismic wave extrapolation using lowrank symbol approximation},
	Volume = 61,
	Year = 2013}

@article{sambridgetrans2,
	Author = {M[] Sambridge and T[] Bodin and K[] Gallagher and H Tkal\v{c}i\'{c}},
	Journal = {Philosophical Transactions of The Royal Society A Mathematical Physical and Engineering Sciences},
	Pages = {20110547},
	Title = {Transdimensional inference in the geosciences},
	Volume = 371,
	Year = 2013}


@article{farra,
	Author = {V\'{e}ronique Farra and Ivan P\v{s}en\v{c}\'{i}k},
	Issue = 5,
	Journal = {Geophysics},
	Pages = {WC81-WC92},
	Title = {Moveout approximations for {P}- and {SV}-waves in {VTI} media},
	Volume = 78,
	Year = 2013}

@article{song,
	Author = {Xiaolei Song and Tariq Alkhalifah},
	Issue = 4,
	Journal = {Geophysics},
	Pages = {C33-C40},
	Title = {Modeling of pseudoacoustic {P}-waves in orthorhombic media with a low-rank approximation},
	Volume = 78,
	Year = 2013}

@article{mamou,
	Author = {Faranak Mahmoudian and G[] F[] Margrave and P[] F[] Daley and J[] Wong and D[] C[] Henley},
	Issue = 1,
	Journal = {Geophysics},
	Pages = {R27-R39},
	Title = {Estimation of elastic stiffness coefficients of an orthorhombic physical model using group velocity analysis on transmission data},
	Volume = 79,
	Year = 2014}

@article{fowlerortho,
	Author = {Paul J[] Fowler and C[] Chu and Cintia Lapilli and P[] Anno and B[] Macy},
	Journal = {Geophysics},
	Note = {To be submitted},
	Title = {Recursive integral time extrapolation of {P}-waves in orthorhombic media},
	Year = 2014}

@article{zoneortho,
	Author = {Yanadet Sripanich and Sergey Fomel},
	Issue = 5,
	Journal = {Geophysics},
	Pages = {C89-C105},
	Title = {On anelliptic approximations for q{P} velocities in transversely isotropic and orthorhombic media},
	Volume = 80,
	Year = 2015}

@article{stovasortho,
	Author = {Alexey Stovas},
	Issue = 6,
	Journal = {Geophysics},
	Pages = {C107-C122},
	Title = {Azimuthally dependent kinematic properties of orthorhombic media},
	Volume = 80,
	Year = 2015}
	
@article{crsdifferential,
	Author = {T[] Barros and R[] Ferrari and R[] Krummenauer and R[] Lopes},
	Issue = 6,
	Journal = {Geophysics},
	Pages = {WD189-W200},
	Title = {Differential evolution-based optimization procedure for automatic estimation of the common-reflection surface traveltime parameters},
	Volume = 80,
	Year = 2015}

@article{zoneinterval,
	Author = {Yanadet Sripanich and Sergey Fomel},
	Issue = 5,
	Journal = {Geophysics},
	Pages = {C253-C263},
	Title = {Theory of interval parameter estimation in layered anisotropic media},
	Volume = 81,
	Year = 2016}

@article{lt2d,
	Author = {Siwei Li and Sergey Fomel},
	Date-Added = {2018-03-21 15:14:47 +0000},
	Date-Modified = {2018-03-21 15:16:48 +0000},
	Journal = {Geophysical {P}rospecting},
	Number = {2},
	Pages = {315-337},
	Title = {A robust approach to tome-to-depth conversion and interval velocity estimation from time migration in the presence of lateral velocity variation},
	Volume = {63},
	Year = {2015}}

@article{seam2,
	Author = {M[] Oristaglio},
	Issue = {8},
	Journal = {The {L}eading {E}dge},
	Pages = {964-970},
	Title = {Elastic anistropy in {SEAM} {P}hase {II} models},
	Volume = {34},
	Year = 2015}

@article{fpj,
	Author = {V\'{e}ronique Farra and Ivan P\v{s}en\v{c}\'{i}k and Petr J\'{i}lek},
	Issue = {2},
	Journal = {Geophysics},
	Pages = {C17-C37},
	Title = {Weak-anisotropy moveout approximations for {P} waves in homogeneous layers of monoclinic or higher anisotropy symmetries},
	Volume = {81},
	Year = 2016}
	
@article{mapping,
	Author = {Alexey Stovas and Sergey Fomel},
	Journal = {Geophysical Prospecting},
	Pages = {31-37},
	Title = {Mapping of moveout attributes using local slopes},
	Volume = {64},
	Year = 2016}

@article{masmoudiscan,
	Author = {Nabil Masmoudi and Alexey Stovas and Tariq Alkhaifah},
	Journal = {Geophysical Prospecting},
	Pages = {C127-C137},
	Title = {Scanning anisotropy parameters in horizontal transversely isotropic media},
	Volume = {65},
	issue=4,
	Year = 2017}
	
@article{ohscattering,
	Author = {J[] Oh and Tariq Alkhalifah},
	Journal = {Geophysical Journal International},
	Pages = {1740-1760},
	Title = {The scattering potential of partial derivative wavefields in {3D} elastic orthorhombic media: {An} inversion prospective},
	Volume = {206},
	Year = 2016}

@article{zonegma,
	Author = {Yanadet Sripanich and Sergey Fomel and Alexey Stovas and Qi Hao},
	Issue = {2},
	Journal = {Geophysics},
	Pages = {C49-C59},
	Title = {3{D} generalized nonhyperboloidal moveout approximation},
	Volume = {82},
	Year = 2017}

@article{korenravvetriclinic,
	Author = {Zvi Koren and Igor Ravve},
	Issue = {4},
	Journal = {Geophysics},
	Pages = {WA119-WA145},
	Title = {Normal moveout coefficients for horizontally layered triclinic media},
	Volume = {82},
	Year = 2017}

@article{t2dweak,
	Author = {Yanadet Sripanich and Sergey Fomel},
	Issue = 3,
	Journal = {Geophysics},
	Pages = {S227-S235},
	Title = {Fast time-to-depth conversion and interval velocity estimation in the case of weak lateral variations},
	Volume = 83,
	Year = 2018}
	
@article{crssa,
	Author = {German Garabito},
	Issue = 4,
	Journal = {Geophysics},
	Pages = {V253-V261},
	Title = {Global optimization strategies for implementing {3D} common-reflection-surface stack using the very fast simulated annealing algorithm: Application to real land data},
	Volume = 83,
	Year = 2018}
	
@article{crsnorway,
	Author = {A[] U[] Waldeland and H[] Zhao and J[] H[] Faccipieri and A[] H[] S[] Solberg and L[] J[] Gelius},
	Issue = 1,
	Journal = {Geophysics},
	Pages = {O1-O13},
	Title = {Fast and robust common-reflection-surface parameter estimation},
	Volume = 83,
	Year = 2018}
	
@article{crsvti,
	Author = {R[] Bloot and T[] A[] Coimbra and J[] H[] Faccipieri and M[] Tygel},
	Issue = 3,
	Journal = {Geophysics},
	Pages = {C99-C113},
	Title = {Common-reflection-surface method in weakly anisotropic vertical transverse isotropic media},
	Volume = 83,
	Year = 2018}


	
@article{paintfault,
	Author = {Zhiguang Xue and Xinming Wu and Sergey Fomel},
	Issue = 2,
	Journal = {Interpretation},
	Pages = {T449-T455},
	Title = {Predictive painting across faults},
	Volume = 6,
	Year = 2018}

@article{zonebeyond1d,
	Author = {Yanadet Sripanich and Sergey Fomel and Alexey Stovas},
	Issue = 2,
	Journal = {Geophysical Journal International},
	Pages = {1181-1201},
	Title = {Effects of lateral heterogeneity on time-domain processing parameters},
	Volume = 219,
	Year = 2019}



@preamble{"\newcommand{\SortNoop}[1]{}"}
@book{cerveny,
	Author = {V[] {\SortNoop{Cerveny}}\v{C}erven\'{y}},
	Publisher = {Cambridge University Press},
	Title = {Seismic {R}ay {T}heory},
	Year = 2001}

@book{kirlinbook,
	Author = {R[] L[] Kirlin and W[] J[] Done},
	Publisher = {Society of Exploration Geophysicists},
	Title = {Covariance {A}nalysis for {S}eismic {S}ignal {P}rocessing},
	Year = 2001}

@book{yilmaz,
	Address = {P.O. Box 702740 Tulsa, OK 74170-2740},
	Author = {O[] {\SortNoop{Yilmaz}}Yilmaz},
	Edition = 2,
	Publisher = {Society of Exploration Geophysicists},
	Title = {Seismic data analysis},
	Year = {2001}}

@book{rugerbook,
	Address = {P.O. Box 702740 Tulsa, OK 74170-2740},
	Author = {Andreas R\"{u}ger},
	Publisher = {Society of Exploration Geophysicists},
	Title = {Reflection {C}oefficients and {A}zimuthal {AVO} {A}nalysis in {A}nisotropic {M}edia},
	Year = {2002}}
	
@book{tarantolabook,
	Author = {Albert Tarantola},
	Publisher = {Society for {I}ndustrial and {A}pplied {M}athematics},
	Title = {Inverse {P}roblem {T}heory},
	Year = {2005}}

@book{grechkabook,
	Address = {P.O. Box 59 3990 DB Houten The Netherlands},
	Author = {Vladimir Grechka},
	Publisher = {European Association of Geoscientists and Engineers},
	Title = {Applications of {S}eismic {A}nisotropy in the {O}il and {G}as {I}ndustry},
	Year = {2009}}

@book{tsvankinbook,
	Address = {P.O. Box 702740 Tulsa, OK 74170-2740},
	Author = {Ilya Tsvankin},
	Publisher = {Society of Exploration Geophysicists},
	Title = {Seismic {S}ignatures and {A}nalysis of {R}eflection {D}ata in {A}nisotropic {M}edia},
	Year = {2012}}

@book{thomsenbook,
	Author = {Leon Thomsen},
	Edition = 2,
	Publisher = {Society of Exploration Geophysicists and European Association of Geoscientists and Engineers},
	Title = {Understanding {S}eismic {A}nisotropy in {E}xploration and {E}xploitation},
	Year = {2014}}

@inproceedings{alortho,
	Author = {A[] Al--{D}ajani and Ilya Tsvankin and M[] Nafi Toks\"{o}z},
	Booktitle = {68th Annual International Meeting Expanded Abstracts},
	Journal = {Geophysics},
	Pages = {1479-1482},
	Publisher = {Society of Exploration Geophysicists},
	Title = {Non-hyperbolic reflection moveout for azimuthally anisotropic media},
	Year = 1998}

@inproceedings{stopin,
	Author = {Alexandre Stopin},
	Booktitle = {9th International Workshop on Seismic Anisotropy},
	Title = {Comparison of $v(\theta)$ equations in {TI} medium},
	Year = 2001}

@inproceedings{wolf,
	Author = {K[] Wolf and D[] Rosales and A[] Guitton and J[] Claerbout},
	Booktitle = {74st Annual International Meeting Expanded Abstracts},
	Pages = {2423-2426},
	Publisher = {Society of Exploration Geophysicists},
	Title = {Robust moveout without velocity picking},
	Year = 2004}

@inproceedings{zhang,
	Author = {F[] Zhang and N[] Uren},
	Booktitle = {71st Annual International Meeting Expanded Abstracts},
	Pages = {106-109},
	Publisher = {Society of Exploration Geophysicists},
	Title = {Approximate explicit ray velocity functions and travel times for {P}-waves in {TI} media},
	Year = 2001}

@inproceedings{will,
	Author = {William Burnett and Sergey Fomel},
	Booktitle = {79th Annual International Meeting Expanded Abstracts},
	Pages = {3710-3714},
	Publisher = {Society of Exploration Geophysicists},
	Title = {Moveout analysis by time-warping},
	Year = 2009}

@inproceedings{blias2009,
	Author = {Emil Blias},
	Booktitle = {79th Annual International Meeting Expanded Abstracts},
	Pages = {3745-3748},
	Publisher = {Society of Exploration Geophysicists},
	Title = {Long-offset {NMO} approximation for a layered {VTI} model: {M}odel study},
	Year = 2009}

@inproceedings{fowlerking,
	Author = {Paul J[] Fowler and Ryan King},
	Booktitle = {81st Annual International Meeting Expanded Abstracts},
	Pages = {190-195},
	Publisher = {Society of Exploration Geophysicists},
	Title = {Modeling and reverse time migration of orthorhombic pseudo-acoustic {P}-waves},
	Year = 2011}

@inproceedings{lorenzo3d,
	Author = {Lorenzo Casasanta},
	Booktitle = {81st Annual International Meeting Expanded Abstracts},
	Pages = {289-294},
	Publisher = {Society of Exploration Geophysicists},
	Title = {{NMO}-ellipse independent 3{D} moveout analysis in $\tau-p$ domain},
	Year = 2011}

@inproceedings{fowlerlapilli,
	Author = {Paul J[] Fowler and Cintia Lapilli},
	Booktitle = {74th Annual EAGE Meeting Expanded Abstracts},
	Publisher = {EAGE},
	Title = {Generalized pseudospectral methods for orthorhombic modeling and reverse-time migration},
	Year = 2012}

@inproceedings{junzhe,
	Author = {Junzhe Sun and Sergey Fomel},
	Booktitle = {83rd Annual International Meeting Expanded Abstracts},
	Pages = {3905-3910},
	Publisher = {Society of Exploration Geophysicists},
	Title = {Lowrank one-step wave extrapolation},
	Year = 2013}

@inproceedings{pervuk,
	Author = {M[] Pervukhina and P[] Golodoniuc and D[] N[] Dewhurst},
	Booktitle = {75th Annual EAGE Meeting Expanded Abstracts},
	Publisher = {EAGE},
	Title = {Phenomenological {S}tudy of {S}eismic {A}nisotropy in {S}hales},
	Year = 2013}

@inproceedings{haven,
	Author = {Jesse Haven and Michael Batzle},
	Booktitle = {84th Annual International Meeting Expanded Abstracts},
	Pages = {2772-2777},
	Publisher = {Society of Exploration Geophysicists},
	Title = {Thomsen parameter relationships and estimation from laboratory ultrasonic data},
	Year = 2014}

@inproceedings{zone2,
	Author = {Yanadet Sripanich and Sergey Fomel},
	Booktitle = {84th Annual International Meeting Expanded Abstracts},
	Pages = {453-457},
	Publisher = {Society of Exploration Geophysicists},
	Title = {Anelliptic approximations for q{P} velocities in orthorhombic media},
	Year = 2014}

@inproceedings{zone,
	Author = {Yanadet Sripanich and Sergey Fomel},
	Booktitle = {84th Annual International Meeting Expanded Abstracts},
	Pages = {409-414},
	Publisher = {Society of Exploration Geophysicists},
	Title = {Modified anelliptic approximations for q{P} velocities in tranversely isotropic media},
	Year = 2014}

@inproceedings{hao,
	Author = {Qi Hao and Alexey Stovas},
	Booktitle = {16th International Workshop on Seismic Anisotropy},
	Title = {Anelliptic approximation of P-wave phase velocity in orthorhombic media},
	Year = 2014}

@inproceedings{haogma,
	Author = {Qi Hao and Alexey Stovas},
	Booktitle = {76th Annual EAGE Meeting Expanded Abstracts},
	Publisher = {EAGE},
	Title = {Three dimensional generalized nonhyperbolic moveout approximation -- {A}pplication on a 3{D} {HTI} model},
	Year = 2014}

@inproceedings{zonebeyond1dseg,
	Author = {Yanadet Sripanich and Sergey Fomel and Alexey Stovas},
	Booktitle = {87th Annual International Meeting Expanded Abstracts},
	Pages = {5577-5582},
	Publisher = {Society of Exploration Geophysicists},
	Title = {Effects of lateral heterogeneity on reflection traveltimes},
	Year = 2017}

@phdthesis{joethesis,
	Author = {Joe A. Dellinger},
	School = {Stanford {U}niversity},
	Title = {Anisotropic {S}eismic {W}ave {P}ropagation},
	Year = 1991}

@phdthesis{willthesis,
	Author = {William A. Burnett},
	School = {The University of Texas at Austin},
	Title = {Multiazimuth {V}elocity {A}nalysis {U}sing {V}elocity-{I}ndependent {S}eismic {I}maging},
	Year = 2011}
