@Article{wisecup,
    author={R[] D[] Wisecup},
    title={Unambiguous signal recovery above the {N}yquist using random-sample-interval imaging},
    year=1998,
    journal={Geophysics},
    volume=62,
    issue=2,
    pages={763-771}}
@Article{stark,
    author={T[] J[] Stark},
    title={Signal recovery beyond conventional {N}yquist: {T}he sample rates used for seismic acquisition do not need to limit the maximum recoverable frequencies},
    year=2013,
    journal={The Leading Edge},
    volume=32,
    issue=11,
    pages={1334-1339}}
@Article{fomel,
    author={S[] Fomel},
    title={Shaping regularization in geophysical estimation problems},
    year=2007,
    journal={Geophysics},
    volume=72,
    issue=2,
    pages={R29-R36}}
@Article{fomel2,
    author={S[] Fomel},
    title={Nonlinear shaping regularization in geophysical inverse problems},
    year=2008,
    journal={78th Annual International Meeting, SEG, Expanded Abstracts},
    pages={2046-2051}} 
@Article{claerbout,
    author={J[] Claerbout},
    title={Earth soundings analysis: {P}rocessing versus inversion},
    year=1992,
    journal={Blackwell Science}}
@Article{claerbout3,
    author={J[] Claerbout},
    title={Imaging the earth's interior},
    year=1985,
    journal={Blackwell Science}}
@Article{sun,
    author={Y[] Sun},
    title={Inverse {NMO} stack in depth-variable velocity},
    year=1997,
    journal={Stanford Exploration Project (SEP) Report 94},
    pages={213-222}}
@Article{claerbout2,
    author={J[] Claerbout},
    title={A prospect for super resolution},
    year=1996,
    journal={Stanford Exploration Project (SEP) Report 93},
    pages={133-136}}
@Article{trickett,
    author={S[] Trickett},
    title={Stretch-free stacking},
    year=2003,
    journal={73rd Annual International Meeting, SEG, Expanded Abstracts},
    pages={2008-2011}}
@Article{kazemi,
    author={N[] Kazemi and H[] R[] Siahkoohi},
    title={Local stretch zeroing {NMO} correction},
    year=2011,
    journal={Geophysics},
    volume=188,
    issue=1,
    pages={123-130}}
@Article{fomel1,
    author={S[] Fomel},
    title={Transforming prestack seismic data by {G}ardner continuation},
    year=2014,
    journal={SEG Technical Program Expanded Abstracts},
    pages={4643-4649}}
@Article{fomel3,
    author={S[] Fomel and Y[] Liu},
    title={Seislet transform and frame},
    year=2010,
    journal={Geophysics},
    volume=75,
    issue=3,
    pages={V25-V38}}  
@Article{fomel4,
    author={S[] Fomel},
    title={Towards the seislet transform},
    year=2006,
    journal={76th Annual International Meeting: SEG},
    pages={2847-2850}} 
@Article{fomel5,
    author={S[] Fomel},
    title={Applications of plane-wave destruction filters},
    year=2002,
    journal={Geophysics},
    volume=67,
    pages={1946-1960}} 
@Article{fomel6,
    author={S[] Fomel},
    title={Predictive painting of 3-{D} seismic volumes},
    year=2010,
    journal={Geophysics},
    volume=75,
    issue=4,
    pages={A25-A30}}
@Article{fomel7,
    author={S[] Fomel and A[] Guitton},
    title={Regularizing seismic inverse problems by model reparameterization using plane-wave construction},
    year=2006,
    journal={Geophysics},
    volume=71,
    issue=5,
    pages={A43-A47}}  
@Article{liu,
    author={Y[] Liu and S[] Fomel and C[] Liu},
    title={Signal and noise separation in prestack seismic data using velocity-dependent seislet transform},
    year=2015,
    journal={Geophysics},
    volume=80,
    issue=6,
    pages={A25-A30}} 
@Article{snieder,
    author={R[] Snieder and J[] Trampert},
    title={Inverse problems in geophysics},
    year=2015,
    journal={SEG Technical Program Expanded Abstracts},
    pages={WD117-WD128}}
@Article{silva,
    author={M[] Silva and M[] Porsani and B[] Ursin},
    title={Recursive stack to zero offset along local slopes},
    year=2015,
    journal={SEG Technical Program Expanded Abstracts},
    pages={4323-4327}}
@Article{mayne1,
    author={W[] H[] Mayne},
    title={Common reflection point horizontal data stacking techniques},
    year=1962,
    journal=Geophysics,
    volume=27,
    issue=6,
    pages={927-938}}
@Article{yilmaz,
    author={O[] Yilmaz},
    title={Seismic data analysis: Processing, inversion, and interpretation of seismic data},
    year=2001,
    journal={SEG}}
@Article{shatilo,
    author={A[] Shatilo and F[] Aminzadeh},
    title={Constant normal-moveout ({CNMO}) correction: a technique and test results},
    year=2000,
    journal={Geophysical Prospecting},
    volume=48,
    pages={473-488}}
@Article{rashed,
    author={M[] Rashed},
    title={Fifty years of stacking},
    year=2014,
    journal={Acta Geophysica},
    volume=62,
    issue=3,
    pages={505-528}}
@Article{ronen,
    author={S[] Ronen and C[] Liner},
    title={Least-sqaures {DMO} and migration},
    year=2000,
    journal={Geophysics},
    volume=65,
    issue=5,
    pages={1364-1371}}
@Article{ronen2,
    author={S[] Ronen},
    title={Wave-equation trace interpolation},
    year=1987,
    journal={Geophysics},
    volume=52,
    issue=7,
    pages={973-984}}
@Article{regimbal,
    author={K[] Regimbal and S[] Fomel},
    title={Improving resolution of {NMO} stack using shaping regularization},
    year=2015,
    journal={SEG},
    pages={3859-3863}}
@Article{kroode,
    author={F[] Kroode and S[] Bergler and C[] Corsten and J[] Willem de Maag and F[] Strijbos and H[] Tijhof},
    title={Broadband seismic data - The importance of low frequencies},
    year=2013,
    journal={Geophysics},
    volume=78,
    issue=2,
    pages={WA3-WA14}}
@Article{saad,
    author={Y[] Saad and M[] Schultz},
    title={{GMRES}: {A} generalized minimal residual algorithm for solving nonsymmetric linear systems},
    year=1986,
    journal={SIAM},
    volume=7,
    issue=3,
    pages={856-869}}
@Article{swan,
    author={H[] W[] Swan},
    title={Amplitude versus offset analysis in a finely layered media},
    year=1988,
    journal={SEG},
    pages={1195-1198}}
@Article{ma,
    author={Y[] Ma and W[] Zhu and Y[] Luo and P[] Kelamis},
    title={Super-resolution stacking based on Compressive Sensing},
    year=2015,
    journal={SEG},
    pages={3502-3506}}
@Article{miller,
    author={R[] D[] Miller},
    title={Normal moveout stretch mute on shallow-reflection data},
    year=1992,
    journal={Geophysics},
    volume=57,
    issue=11,
    pages={1502-1507}}
@Article{byun,
    author={B[] S[] Byun and E[] S[] Nelan},
    title={Method and system for correcting seismic traces for normal moveout stretch effects},
    year=1997,
    journal={U.S. Patent},
    volume=5,
    pages={684-754}}
@Article{hicks,
    author={G[] J[] Hicks},
    title={Removing NMO stretch using the {R}adon and {F}ourier- {R}adon transforms},
    year=2001,
    journal={63rd Annual Conference and Exhibition, EAGE, Extended Abstracts},
    pages={{A}-18}}
@Article{hilterman,
    author={F[] Hilterman and C[] Van Schuyver},
    title={Seismic wide-angle processing to avoid NMO stretch},
    year=2003,
    journal={73rd Annual International Meeting, SEG, Expanded Abstracts},
    pages={215-218}}
@Article{rupert,
    author={G[] B[] Rupert and J[] H[] Chun},
    title={The block move sum normal moveout correction},
    year=1975,
    journal={Geophysics},
    volume={40},
    pages={17-24}}
@Article{perroud,
    author={H[] Perroud and M[] Tygel},
    title={Nonstretch {NMO}},
    year=2004,
    journal={Geophysics},
    volume={69},
    pages={599-607}}
@Article{masoomzadeh,
    author={H[] Masoomzadeh and P[] J[] Barton and S[] C[] Singh},
    title={Nonstretch moveout correction of long-offset multichannel seismic data for subbasalt imaging: Example from the North Atlantic},
    year=2010,
    journal={Geophysics},
    volume={75},
    issue={4},
    pages={{R}83-{R}91}}
@Article{zhang,
    author={B[] Zhang and K[] Zhang and S[] Guo and K[] Marfurt},
    title={Nonstretching NMO correction of prestack time-migrated gathers using a matching-pursuit algorithm},
    year=2013,
    journal={Geophysics},
    volume={78},
    issue={1},
    pages={{U}9-{U}18}}
@Article{dunkin,
    author={J[] W[] Dunkin and F[] K[] Levin},
    title={Effects of normal moveout on a seismic pulse},
    year=1973,
    journal={Geophysics},
    volume={38},
    pages={635-642}}
@Article{barnes,
    author={A[] E[] Barnes},
    title={Another look at {NMO} stretch},
    year=1992,
    journal={Elsevier {S}cience {P}ublishing {C}o., {I}nc.}}
@Article{zhdanov,
    author={M[] S[] Zhdanov},
    title={Geophysical inverse theory and regularization problems},
    year=2002,
    journal={Geophysics},
    volume={57},
    issue={5},
    pages={749-751}}
@Article{smith,
    author={G[] C[] Smith and P[] M[] Gidlow},
    title={Weighted stacking for rock property estimation and detection of gas},
    year=1987,
    journal={Geophysical {P}rospecting},
    volume={35},
    pages={993-1014}}
@Article{bazelaire,
    author={E[] de Bazelaire and J[] R[] Viallix},
    title={Normal moveout in focus},
    year=1994,
    journal={Geophysical {P}rospecting},
    volume={42},
    pages={477-499}}
@Article{keys,
    author={R[] G[] Keys and D[] J[] Foster},
    title={Comparison of seismic inversion methods on a single real data set},
    year=1998,
    journal={Tulsa: Society of Exploration Geophysicists}}
@InProceedings{gardner,
  author =       {G[] H[] F[] Gardner and S[] Y[] Wang and N[] D[] Pan and Z[] Zhang},
  title =        {Dip moveout and prestack imaging},
  booktitle = {18th Annual Offshore Technology Conference},
  pages =        {OTC 5158},
  year =         1986}
