@inproceedings{bader2018missing,
  author    = {Bader, Sean and Spikes, Kyle and Fomel, Sergey},
  booktitle = {SEG Technical Program Expanded Abstracts 2018},
  pages     = {804--808},
  publisher = {Society of Exploration Geophysicists},
  title     = {{Missing well-log data prediction using Bayesian approach in the relative-geologic time domain}},
  year      = {2018}
}

@inproceedings{burnett2009moveout,
  author    = {Burnett, William and Fomel, Sergey},
  booktitle = {SEG Technical Program Expanded Abstracts 2009},
  pages     = {3710--3714},
  title     = {Moveout analysis by time‚Äêwarping},
  year      = {2009}
}

@article{chen2014iterative,
  author  = {Chen, Yangkang and Fomel, Sergey and Hu, Jingwei},
  journal = {Geophysics},
  number  = {5},
  pages   = {V179--V189},
  title   = {Iterative deblending of simultaneous-source seismic data using seislet-domain shaping regularization},
  volume  = {79},
  year    = {2014}
}

@article{chen2016dip,
  author  = {Chen, Yangkang},
  journal = {Geophysical Journal International},
  number  = {1},
  pages   = {457--469},
  title   = {Dip-separated structural filtering using seislet transform and adaptive empirical mode decomposition based dip filter},
  volume  = {206},
  year    = {2016}
}

@article{chen2016double,
  author  = {Chen, Yangkang and Ma, Jianwei and Fomel, Sergey},
  journal = {Geophysics},
  number  = {2},
  pages   = {V103--V116},
  title   = {Double-sparsity dictionary for seismic noise attenuation},
  volume  = {81},
  year    = {2016}
}

@article{chen2018emd,
  author  = {Chen, Yangkang and Fomel, Sergey},
  journal = {Geophysics},
  number  = {1},
  pages   = {A27--A32},
  title   = {{EMD-seislet transform}},
  volume  = {83},
  year    = {2018}
}

@book{claerbout2000basic,
  author    = {Claerbout, Jon F},
  publisher = {Stanford Exploration Project, http://sepwww.stanford.edu/sep/prof/},
  title     = {{Basic Earth Imaging}},
  year      = {2000}
}

@article{cohen1992biorthogonal,
  author  = {Cohen, Albert and Daubechies, Ingrid and Feauveau, J.-C.},
  journal = {Communications on Pure and Applied Mathematics},
  number  = {5},
  pages   = {485--560},
  title   = {Biorthogonal bases of compactly supported wavelets},
  volume  = {45},
  year    = {1992}
}

@article{do2005contourlet,
  author  = {Do, Minh N and Vetterli, Martin},
  journal = {IEEE Transactions on image processing},
  number  = {12},
  pages   = {2091--2106},
  title   = {{The contourlet transform: An efficient directional multiresolution image representation}},
  volume  = {14},
  year    = {2005}
}

@article{fomel2002applications,
  author  = {Fomel, Sergey},
  journal = {Geophysics},
  number  = {6},
  pages   = {1946--1960},
  title   = {Applications of plane-wave destruction filters},
  volume  = {67},
  year    = {2002}
}

@article{fomel2010predictive,
  author  = {Fomel, Sergey},
  journal = {Geophysics},
  number  = {4},
  pages   = {A25--A30},
  title   = {{Predictive painting of 3D seismic volumes}},
  volume  = {75},
  year    = {2010}
}

@article{fomel2010seislet,
  author  = {Fomel, Sergey and Liu, Yang},
  journal = {Geophysics},
  number  = {3},
  pages   = {V25--V38},
  title   = {Seislet transform and seislet frame},
  volume  = {75},
  year    = {2010}
}

@article{fomel2013madagascar,
  author  = {Fomel, Sergey and Sava, Paul and Vlad, Ioan and Liu, Yang and Bashkardin, Vladimir},
  journal = {Journal of Open Research Software},
  number  = {1},
  pages   = {e8},
  title   = {{Madagascar: Open-source software project for multidimensional data analysis and reproducible computational experiments}},
  volume  = {1},
  year    = {2013}
}

@article{gan2015dealiased,
  author  = {Gan, Shuwei and Wang, Shoudong and Chen, Yangkang and Zhang, Yizhuo and Jin, Zhaoyu},
  journal = {IEEE Geoscience and Remote Sensing Letters},
  number  = {10},
  pages   = {2150--2154},
  title   = {Dealiased seismic data interpolation using seislet transform with low-frequency constraint},
  volume  = {12},
  year    = {2015}
}

@article{gan2016compressive,
  author  = {Gan, Shuwei and Wang, Shoudong and Chen, Yangkang and Chen, Xiaohong and Huang, Weiling and Chen, Hanming},
  journal = {Journal of Applied Geophysics},
  pages   = {194--208},
  title   = {Compressive sensing for seismic data reconstruction via fast projection onto convex sets based on seislet transform},
  volume  = {130},
  year    = {2016}
}

@article{gan2016simultaneous,
  author  = {Gan, Shuwei and Wang, Shoudong and Chen, Yangkang and Chen, Xiaohong},
  journal = {IEEE Geoscience and Remote Sensing Letters},
  number  = {2},
  pages   = {197--201},
  title   = {Simultaneous-source separation using iterative seislet-frame thresholding},
  volume  = {13},
  year    = {2016}
}

@article{hennenfent2006seismic,
  author  = {Hennenfent, Gilles and Herrmann, Felix J},
  journal = {Computing in Science \& Engineering},
  number  = {3},
  pages   = {16--25},
  title   = {Seismic denoising with nonuniformly sampled curvelets},
  volume  = {8},
  year    = {2006}
}

@inproceedings{labate2005sparse,
  author       = {Labate, Demetrio and Lim, Wang-Q and Kutyniok, Gitta and Weiss, Guido},
  booktitle    = {Wavelets XI},
  organization = {International Society for Optics and Photonics},
  pages        = {254--262},
  title        = {Sparse multidimensional representation using shearlets},
  volume       = {5914},
  year         = {2005}
}

@article{le2005sparse,
  author  = {Le Pennec, Erwan and Mallat, St{\'e}phane},
  journal = {IEEE Transactions on Image Processing},
  number  = {4},
  pages   = {423--438},
  title   = {Sparse geometric image representations with bandelets},
  volume  = {14},
  year    = {2005}
}

@article{li2013contourlet,
  author  = {Li, Qiang and Gao, Jinghuai},
  journal = {Journal of Applied Geophysics},
  pages   = {16--22},
  title   = {Contourlet based seismic reflection data non-local noise suppression},
  volume  = {95},
  year    = {2013}
}

@article{liu2010oc,
  author  = {Liu, Yang and Fomel, Sergey},
  journal = {Geophysics},
  number  = {6},
  pages   = {WB235--WB245},
  title   = {{OC-seislet: Seislet transform construction with differential offset continuation}},
  volume  = {75},
  year    = {2010}
}

@article{liu2013iterative,
  author  = {Liu, Cai and Li, Peng and Liu, Yang and Wand, Dian and Feng, Xuan and Liu, Dianmi},
  journal = {Chinese Journal of Geophysics},
  number  = {5},
  pages   = {1619--1627},
  title   = {Iterative data interpolation beyond aliasing using seislet transform},
  volume  = {56},
  year    = {2013}
}

@article{liu2015signal,
  author  = {Liu, Yang and Fomel, Sergey and Liu, Cai},
  journal = {Geophysics},
  number  = {6},
  pages   = {WD117--WD128},
  title   = {Signal and noise separation in prestack seismic data using velocity-dependent seislet transform},
  volume  = {80},
  year    = {2015}
}

@article{ma2010curvelet,
  author  = {Ma, Jianwei and Plonka, Gerlind},
  journal = {IEEE Signal Processing Magazine},
  number  = {2},
  pages   = {118--133},
  title   = {The curvelet transform},
  volume  = {27},
  year    = {2010}
}

@article{starck2002curvelet,
  author  = {Starck, Jean-Luc and Cand{\`e}s, Emmanuel J and Donoho, David L},
  journal = {IEEE Transactions on Image Processing},
  number  = {6},
  pages   = {670--684},
  title   = {The curvelet transform for image denoising},
  volume  = {11},
  year    = {2002}
}

@inproceedings{stark2003unwrapping,
  author    = {Stark, Tracy J},
  booktitle = {SEG Technical Program Expanded Abstracts 2003},
  pages     = {1707--1710},
  publisher = {Society of Exploration Geophysicists},
  title     = {{Unwrapping instantaneous phase to generate a Relative Geologic Time Volume}},
  year      = {2003}
}

@article{stark2004relative,
  author  = {Stark, Tracy J},
  journal = {The Leading Edge},
  number  = {9},
  pages   = {928--932},
  title   = {{Relative geologic time (age) volumes-Relating every seismic sample to a geologically reasonable horizon}},
  volume  = {23},
  year    = {2004}
}

@inproceedings{sweldens1995lifting,
  author       = {Sweldens, Wim},
  booktitle    = {Wavelet Applications in Signal and Image Processing III},
  organization = {International Society for Optics and Photonics},
  pages        = {68--79},
  title        = {{Lifting scheme: A new philosophy in biorthogonal wavelet constructions}},
  volume       = {2569},
  year         = {1995}
}

@article{velisavljevic2006directionlets,
  author  = {Velisavljevic, Vladan and Beferull-Lozano, Baltasar and Vetterli, Martin and Dragotti, Pier Luigi},
  journal = {IEEE Transactions on Image Processing},
  number  = {7},
  pages   = {1916--1933},
  title   = {{Directionlets: Anisotropic multidirectional representation with separable filtering}},
  volume  = {15},
  year    = {2006}
}


@article{wu2012generating,
  author  = {Wu, Xinming and Zhong, Guangfa},
  journal = {Geophysics},
  number  = {4},
  pages   = {O21--O34},
  title   = {{Generating a relative geologic time volume by 3D graph-cut phase unwrapping method with horizon and unconformity constraints}},
  volume  = {77},
  year    = {2012}
}


@article{wu2015horizon,
  author  = {Wu, Xinming and Hale, Dave},
  journal = {Geophysics},
  number  = {2},
  pages   = {IM21--IM33},
  title   = {Horizon volumes with interpreted constraints},
  volume  = {80},
  year    = {2015}
}