@article{fomel2007local,
  title={Local seismic attributes},
  author={Fomel, Sergey},
  journal={Geophysics},
  volume={72},
  number={3},
  pages={A29--A33},
  year={2007},
  publisher={Society of Exploration Geophysicists}
}

@article{morice2004well,
  title={Well-driven seismic: 3D data processing solutions from wireline logs and borehole seismic data},
  author={Morice, S and Puech, J-C and Leaney, S},
  journal={First Break},
  volume={22},
  number={8},
  year={2004}
}

@article{fomel2009time,
  title={Time-lapse image registration using the local similarity attribute},
  author={Fomel, Sergey and Jin, Long},
  journal={Geophysics},
  volume={74},
  number={2},
  pages={A7--A11},
  year={2009},
  publisher={Society of Exploration Geophysicists}
}

@article{munoz2015automatic,
  title={Automatic simultaneous multiple well ties},
  author={Mu{\~n}oz, Andrew and Hale, Dave},
  journal={Geophysics},
  volume={80},
  number={5},
  pages={IM45--IM51},
  year={2015},
  publisher={Society of Exploration Geophysicists}
}

@inproceedings{bader2017semiautomatic,
  title={Semiautomatic seismic well ties and log data interpolation},
  author={Bader, Sean and Wu, Xinming and Fomel, Sergey},
  booktitle={2017 SEG International Exposition and Annual Meeting},
  year={2017},
  organization={Society of Exploration Geophysicists}
}

@article{fomel2007shaping,
  title={Shaping regularization in geophysical-estimation problems},
  author={Fomel, Sergey},
  journal={Geophysics},
  volume={72},
  number={2},
  pages={R29--R36},
  year={2007},
  publisher={Society of Exploration Geophysicists}
}

@article{bader2018interp,
  title={Missing log data interpolation and semiautomatic seismic well ties using data matching techniques},
  author={Bader, Sean and Wu, Xinming and Fomel, Sergey},
  journal={Interpretation},
  pages={In Review},
  year={2018},
  publisher={Society of Exploration Geophysicists}
}

@article{herrerab,
  title={Automatic approaches for seismic to well tying},
  author={Herrera, Roberto H and Fomel, Sergey and van der Baan, Mirko},
  journal={Interpretation},
  volume={2},
  number={2},
  pages={SD9--SD17},
  year={2014},
  publisher={Society of Exploration Geophysicists and American Association of Petroleum Geologists}
}

@article{wu2016simultaneous,
  title={Simultaneous multiple well-seismic ties using flattened synthetic and real seismograms},
  author={Wu, Xinming and Caumon, Guillaume},
  journal={Geophysics},
  volume={82},
  number={1},
  pages={IM13--IM20},
  year={2017},
  publisher={Society of Exploration Geophysicists}
}

@article{munozhale2012,
  title={Automatically tying well logs to seismic data},
  author={Mu{\~n}oz, Andrew and Hale, Dave},
  journal={Center for Wave Phenomena, Colorado School of Mines, Golden, CO80401, USA},
  pages={253--260},
  year={2012},
  publisher={Citeseer}
}

@inproceedings{berndt1994using,
  title={Using dynamic time warping to find patterns in time series.},
  author={Berndt, Donald J and Clifford, James},
  booktitle={KDD workshop},
  volume={10},
  number={16},
  pages={359--370},
  year={1994},
  organization={Seattle, WA}
}

@incollection{hale2009image,
  title={Image-guided blended neighbor interpolation of scattered data},
  author={Hale, Dave},
  booktitle={SEG Technical Program Expanded Abstracts 2009},
  pages={1127--1131},
  year={2009},
  publisher={Society of Exploration Geophysicists}
}

@incollection{hale2010image,
  title={Image-guided 3D interpolation of borehole data},
  author={Hale, Dave},
  booktitle={SEG Technical Program Expanded Abstracts 2010},
  pages={1266--1270},
  year={2010},
  publisher={Society of Exploration Geophysicists}
}

@article{karimi2017creating,
  title={Creating detailed subsurface models using predictive image-guided well-log interpolation},
  author={Karimi, Parvaneh and Fomel, Sergey and Zhang, Rui},
  journal={Interpretation},
  volume={5},
  number={3},
  pages={T279--T285},
  year={2017},
  publisher={Society of Exploration Geophysicists and American Association of Petroleum Geologists}
}

@article{fomel2010predictive,
  title={Predictive painting of 3D seismic volumes},
  author={Fomel, Sergey},
  journal={Geophysics},
  volume={75},
  number={4},
  pages={A25--A30},
  year={2010},
  publisher={Society of Exploration Geophysicists}
}

@article{hale2013,
  title={Dynamic warping of seismic images},
  author={Hale, Dave},
  journal={Geophysics},
  volume={78},
  number={2},
  pages={S105--S115},
  year={2013},
  publisher={Society of Exploration Geophysicists}
}

@inproceedings{gupta2013well,
  title={Well tie tomography an accurate time-depth conversion},
  author={Gupta, Arjeesh and Muralimohan, TR and Varadarajan, CM and Singh, SP and Kumar, Pramod},
  booktitle={10th SPG Biennial International Conference and Exposition, Expanded Abstracts},
  pages={P435},
  year={2013}
}

@article{woodward2008decade,
  title={A decade of tomography},
  author={Woodward, Marta Jo and Nichols, Dave and Zdraveva, Olga and Whitfield, Phil and Johns, Tony},
  journal={Geophysics},
  volume={73},
  number={5},
  pages={VE5--VE11},
  year={2008},
  publisher={Society of Exploration Geophysicists}
}

@inproceedings{egozi2006comprehensive,
  title={A Comprehensive Velocity Model Building Approach-Cusiana Cupiagua Sur TTI PSDM},
  author={Egozi, Uzi and Yates, Matt and Omana, Jose and West, Bruce Ver and Burke, Nick and Mesa, Mario and Moreno, Eduardo and Checa, Jamie and Martinez, Monica and Alfonso, Hector and others},
  booktitle={2006 SEG Annual Meeting},
  year={2006},
  organization={Society of Exploration Geophysicists}
}


@article{bakulin2010localized,
  title={Localized anisotropic tomography with well information in VTI media},
  author={Bakulin, Andrey and Woodward, Marta and Nichols, Dave and Osypov, Konstantin and Zdraveva, Olga},
  journal={Geophysics},
  volume={75},
  number={5},
  pages={D37--D45},
  year={2010},
  publisher={Society of Exploration Geophysicists}
}

@article{white1998stretch,
  title={Stretch and squeeze -- just keeping up appearances?},
  author={White, R.E.},
  journal={EAGE 60th Conference and Technical Exhibition, Leipzig},
  volume={Extended Abstract},
  pages={P138},
  year={1998}
}

@article{fomel2013repeat,
  title={Madagascar: Open-source software project for multidimensional data analysis and reproducible computational experiments},
  author={Fomel, Sergey and Sava, Paul and Vlad, Ioan and Liu, Yang and Bashkardin, Vladimir},
  journal={Journal of Open Research Software},
  volume={1},
  number={1},
  year={2013},
  publisher={Ubiquity Press}
}

@article{fomel2002applications,
  title={Applications of plane-wave destruction filters},
  author={Fomel, Sergey},
  journal={Geophysics},
  volume={67},
  number={6},
  pages={1946--1960},
  year={2002},
  publisher={Society of Exploration Geophysicists}
}

@article{whitesimm2003,
  title={Tutorial: Good practice in well ties},
  author={White, Roy and Simm, Rob},
  journal={First Break},
  volume={21},
  number={10},
  year={2003}
}

@article{russellmethods,
  title={Introduction to seismic inversion methods.},
  author={Russell, B.H.},
  year={1988},
  journal={Society of Exploration Geophysicists, Course Notes Series 2}
}

@article{gardner1974formation,
  title={Formation velocity and density -- The diagnostic basics for stratigraphic traps},
  author={Gardner, GHF and Gardner, LW and Gregory, AR},
  journal={Geophysics},
  volume={39},
  number={6},
  pages={770--780},
  year={1974},
  publisher={Society of Exploration Geophysicists}
}
