@article{backus,
  title={Long-wave elastic anisotropy produced by horizontal layering},
  author={Backus, GE},
  journal={Journal of Geophysical Research},
  volume={67},
  number={11},
  pages={4427--4440},
  year={1962},
  publisher={Wiley Online Library}
}
@article{chen,
  title={Accelerated plane-wave destruction},
  author={Chen, Z and Fomel, S and Lu, W},
  journal={Geophysics},
  volume={78},
  number={1},
  pages={V1--V9},
  year={2013},
  publisher={Society of Exploration Geophysicists}
}
@article{fomel02,
  title={Applications of plane-wave destruction filters},
  author={Fomel, S},
  journal={Geophysics},
  volume={67},
  number={6},
  pages={1946--1960},
  year={2002},
  publisher={Society of Exploration Geophysicists}
}
@article{local,
  title={Local seismic attributes},
  author={Fomel, S},
  journal={Geophysics},
  volume={72},
  number={3},
  pages={A29--A33},
  year={2007},
  publisher={Society of Exploration Geophysicists}
}
@article{shaping,
  title={Shaping regularization in geophysical estimation problems},
  author={Fomel, S},
  journal={Geophysics},
  volume={72},
  number={2},
  pages={R29--R36},
  year={2007},
  publisher={Society of Exploration Geophysicists}
}
@article{fomel08,
  title={Adaptive multiple subtraction using regularized nonstationary regression},
  author={Fomel, Sergey},
  journal={Geophysics},
  volume={74},
  number={1},
  pages={V25--V33},
  year={2008},
  publisher={Society of Exploration Geophysicists}
}
@article{fomel09,
  title={Time-lapse image registration using the local similarity attribute},
  author={Fomel, S and Jin, L},
  journal={Geophysics},
  volume={74},
  number={2},
  pages={A7--A11},
  year={2009},
  publisher={Society of Exploration Geophysicists}
}
@article{pick,
  title={Velocity analysis using {AB} semblance},
  author={Fomel, S},
  journal={Geophysical Prospecting},
  volume={57},
  number={3},
  pages={311--321},
  year={2009},
  publisher={Wiley Online Library}
}
@article{fomel13,
  title={Madagascar: Open-source software project for multidimensional data analysis and reproducible computational experiments},
  author={Fomel, S and Sava, P and Vlad, I and Liu, Y and Bashkardin, V},
  journal={Journal of Open Research Software},
  volume={1},
  number={1},
  year={2013},
  publisher={Ubiquity Press}
}
@article{gassmann,
  title={Elastic waves through a packing of spheres},
  author={Gassmann, F},
  journal={Geophysics},
  volume={16},
  number={4},
  pages={673--685},
  year={1951},
  publisher={Society of Exploration Geophysicists}
}
@article{golub,
  title={The differentiation of pseudo-inverses and nonlinear least squares problems whose variables separate},
  author={Golub, G H and Pereyra, V},
  journal={SIAM Journal on numerical analysis},
  volume={10},
  number={2},
  pages={413--432},
  year={1973},
  publisher={SIAM}
}
@incollection{xcor,
  title={Fast local cross-correlations of images},
  author={Hale, D},
  booktitle={SEG Technical Program Expanded Abstracts 2006},
  pages={3160--3164},
  year={2006},
  publisher={Society of Exploration Geophysicists}
}
@article{dtw,
  title={A method for estimating apparent displacement vectors from time-lapse seismic images},
  author={Hale, D},
  journal={Geophysics},
  volume={74},
  number={5},
  pages={V99--V107},
  year={2009},
  publisher={Society of Exploration Geophysicists}
}
@article{hatchell,
  title={Rocks under strain: Strain-induced time-lapse time shifts are observed for depleting reservoirs},
  author={Hatchell, P and Bourne, S},
  journal={The Leading Edge},
  volume={24},
  number={12},
  pages={1222--1225},
  year={2005},
  publisher={Society of Exploration Geophysicists}
}
@article{hoeber,
  title={Using complex trace analysis for 4{D} matching and 4{D} noise reduction},
  author={Hoeber, H and Campbell, S and Dyce, M and Whitecombe, D},
  journal={First Break},
  volume={26},
  number={5},
  year={2008}
}
@article{horn,
  title={Determining optical flow},
  author={Horn, BKP and Schunck, BG},
  journal={Artificial intelligence},
  volume={17},
  number={1-3},
  pages={185--203},
  year={1981},
  publisher={Elsevier}
}
@article{karimi15,
  title={Stratigraphic coordinates: A coordinate system tailored to seismic interpretation},
  author={Karimi, P and Fomel, S},
  journal={Geophysical Prospecting},
  volume={63},
  number={5},
  pages={1246--1255},
  year={2015},
  publisher={Wiley Online Library}
}
@incollection{karimi16,
  title={Time-lapse image registration using the stratigraphic-coordinate system},
  author={Karimi, P and Fomel, S and Zhang, R},
  booktitle={SEG Technical Program Expanded Abstracts 2016},
  pages={5500--5505},
  year={2016},
  publisher={Society of Exploration Geophysicists}
}
@article{kaufman,
  title={A variable projection method for solving separable nonlinear least squares problems},
  author={Kaufman, L},
  journal={BIT Numerical Mathematics},
  volume={15},
  number={1},
  pages={49--57},
  year={1975},
  publisher={Springer}
}
@inproceedings{lie,
  title={Constrained timeshift estimation},
  author={Lie, E},
  booktitle={73rd EAGE Conference and Exhibition incorporating SPE EUROPEC 2011},
  year={2011}
}
@article{liu,
  title={Seismic data analysis using local time-frequency decomposition},
  author={Liu, Y and Fomel, S},
  journal={Geophysical Prospecting},
  volume={61},
  number={3},
  pages={516--525},
  year={2013},
  publisher={Wiley Online Library}
}
@incollection{macbeth,
  title={Evaluation of the spurious time-shift problem},
  author={MacBeth, C and Mangriotis, MD and Hatchell, P},
  booktitle={SEG Technical Program Expanded Abstracts 2016},
  pages={5457--5462},
  year={2016},
  publisher={Society of Exploration Geophysicists}
}
@incollection{phillips,
  title={Seismic time-lapse image registration using amplitude-adjusted plane-wave destruction},
  author={Phillips, M and Fomel, S},
  booktitle={SEG Technical Program Expanded Abstracts 2016},
  pages={5473--5478},
  year={2016},
  publisher={Society of Exploration Geophysicists}
}
@article{rickett,
  title={Cross-equalization data processing for time-lapse seismic reservoir monitoring: A case study from the {G}ulf of {M}exico},
  author={Rickett, JE and Lumley, DE},
  journal={Geophysics},
  volume={66},
  number={4},
  pages={1015--1025},
  year={2001},
  publisher={Society of Exploration Geophysicists}
}
@article{rudin,
  title={Nonlinear total variation based noise removal algorithms},
  author={Rudin, LI and Osher, S and Fatemi, E},
  journal={Physica D: Nonlinear Phenomena},
  volume={60},
  number={1-4},
  pages={259--268},
  year={1992},
  publisher={Elsevier}
}
@article{sakoe,
  title={Dynamic programming algorithm optimization for spoken word recognition},
  author={Sakoe, H and Chiba, S},
  journal={IEEE transactions on acoustics, speech, and signal processing},
  volume={26},
  number={1},
  pages={43--49},
  year={1978},
  publisher={IEEE}
}
@article{steidl,
  title={On the equivalence of soft wavelet shrinkage, total variation diffusion, total variation regularization, and SIDEs},
  author={Steidl, Gabriele and Weickert, Joachim and Brox, Thomas and Mr{\'a}zek, Pavel and Welk, Martin},
  journal={SIAM Journal on Numerical Analysis},
  volume={42},
  number={2},
  pages={686--713},
  year={2004},
  publisher={SIAM}
}
@article{taner,
  title={Complex seismic trace analysis},
  author={Taner, MT and Koehler, F and Sheriff, RE},
  journal={Geophysics},
  volume={44},
  number={6},
  pages={1041--1063},
  year={1979},
  publisher={Society of Exploration Geophysicists}
}
@article{virieux,
  title={An overview of full-waveform inversion in exploration geophysics},
  author={Virieux, Jean and Operto, St{\'e}phane},
  journal={Geophysics},
  volume={74},
  number={6},
  pages={WCC1--WCC26},
  year={2009},
  publisher={Society of Exploration Geophysicists}
}
@inproceedings{williamson,
  title={A new approach to warping for quantitative time--lapse characterisation},
  author={Williamson, PR and Cherrett, AJ and Sexton, PA},
  booktitle={69th EAGE Conference and Exhibition incorporating SPE EUROPEC 2007},
  year={2007}
}
@article{zhang13,
  title={Time-lapse seismic data registration and inversion for {CO}2 sequestration study at {C}ranfield},
  author={Zhang, Rui and Song, Xiaolei and Fomel, Sergey and Sen, Mrinal K and Srinivasan, Sanjay},
  journal={Geophysics},
  volume={78},
  number={6},
  pages={B329--B338},
  year={2013},
  publisher={Society of Exploration Geophysicists}
}
@article{zhang14,
  title={Time-lapse pre-stack seismic data registration and inversion for {CO}2 sequestration study at {C}ranfield},
  author={Zhang, Rui and Song, Xiaolei and Fomel, Sergey and Sen, Mrinal K and Srinivasan, Sanjay},
  journal={Geophysical Prospecting},
  volume={62},
  number={5},
  pages={1028--1039},
  year={2014},
  publisher={Wiley Online Library}
}
@incollection{zhang16,
  title={Multiscale and iterative refinement optical flow ({MSIROF}) for seismic image registration and gather flattening using multidimensional shifts},
  author={Zhang, Q and Du, B},
  booktitle={SEG Technical Program Expanded Abstracts 2016},
  pages={5468--5472},
  year={2016},
  publisher={Society of Exploration Geophysicists}
}
