@article{Allen77,
  author  = {J[] B[] Allen},
  title   = {Short term spectral analysis, synthetic and modification by discrete Fourier transform},
  journal = {IEEE Transactions on Acoustic, Speech, Signal Processing},
  year    = 1977,
  volume  = 25,
  pages   = {235-238}
}

@article{Askari08,
  author  = {R[] Askari and H[] R[] Siahkoohi},
  title   = {Ground roll attenuation using the {S} and x-f-k transforms},
  journal = {Geophysical Prospecting},
  year    = 2008,
  volume  = 56,
  pages   = {105-114}
}

@article{Brown00,
  author  = {M[] Brown and J[] F[] Claerbout},
  title   = {Ground roll and {R}adial {T}race {T}ransform -- revisited},
  journal = {Stanford Exploration Project},
  year    = 2000,
  volume  = {SEP-103},
  pages   = {219-237}
}

@article{Castagna06,
  author  = {J[ohn] P[] Castagna and S[henjie] Sun},
  title   = {Comparison of spectral decomposition methods},
  journal = {First break},
  year    = 2006,
  volume  = 24,
  pages   = {75-79}
}

@article{Claerbout83,
  author  = {J[] F[] Claerbout},
  title   = {Ground roll and radial traces},
  journal = {Stanford Exploration Project},
  year    = 1983,
  volume  = {SEP-35},
  pages   = {43-54}
}

@article{Chakraborty95,
  author  = {A[vijit] Chakraborty and D[avid] Okaya},
  title   = {Frequency-time decomposition of seismic data using wavelet-based method},
  journal = {Geophysics},
  year    = 1995,
  volume  = 60,
  pages   = {1906-1916}
}

@book{Cohen95,
  author    = {L[] Cohen},
  publisher = {Prentice Hall, Inc},
  title     = {Time-frequency analysis},
  year      = {1995}
}

@article{DeAngelo03,
  author  = {M[] V[] DeAngelo and M[] Backus and B[] A[] Hardage and P[] Murray and S[] Knapp},
  title   = {Depth registration of {P}-wave and {C}-wave seismic data for shallow marine sediment characterization, {G}ulf of {M}exico},
  journal = {The Leading Edge},
  year    = 2003,
  volume  = 22,
  pages   = {96-105}
}

@article{Fomel07a,
  author  = {S[ergey] Fomel},
  title   = {Local seismic attributes},
  journal = {Geophysics},
  year    = 2007,
  volume  = 72,
  pages   = {A29-A33}
}

@article{Fomel07b,
  author  = {S[ergey] Fomel},
  title   = {Shaping regularization in geophysical-estimation problems},
  journal = {Geophysics},
  year    = 2007,
  volume  = 72,
  pages   = {R29-R36}
}

@article{Fomel09,
  author  = {S[ergey] Fomel},
  title   = {Adaptive multiple subtraction using regularized nonstationary regression},
  journal = {Geophysics},
  year    = 2009,
  volume  = 74,
  pages   = {V25-V33}
}

@article{Hestenes52,
  author  = {M[] R[] Hestenes and E[] Steifel},
  title   = {Methods of Conjugate Gradients for Solving Linear Systems},
  journal = {Journal of Research of the National Bureau of Standards},
  year    = {1952},
  volume  = {49},
  pages   = {409-436}
}

@inproceedings{Henley99,
  author    = {D[] Henley},
  booktitle = {69nd Annual International Meeting},
  pages     = {1204-1207},
  publisher = {SEG, Expanded Abstracts},
  title     = {The radial trace transform: {A}n effective domain for coherent noise attenuation and wavefield separation},
  year      = {1999}
}

@inproceedings{Herrmann01,
  author    = {F[elix] J[] Herrmann},
  booktitle = {71st Annual International Meeting},
  pages     = {1965-1968},
  publisher = {SEG, Expanded Abstracts},
  title     = {Fractional spline matching pursuit: A quantitative tool for seismic stratigraphy},
  year      = {2001}
}

@article{Tary2014,
  title     = {Spectral estimation—What is new? What is next?},
  author    = {Tary, Jean Baptiste and Herrera, Roberto Henry and Han, Jiajun and van der Baan, Mirko},
  journal   = {Reviews of Geophysics},
  volume    = {52},
  number    = {4},
  pages     = {723--749},
  year      = {2014},
  publisher = {Wiley Online Library}
}

@inproceedings{Liu04,
  author    = {J[ianlei] Liu and K[urt] J[] Marfurt},
  booktitle = {74th Annual International Meeting},
  pages     = {2144-2147},
  publisher = {SEG, Expanded Abstracts},
  title     = {3-D high resolution Radon transforms applied to ground roll suppression in orthogonal seismic surveys},
  year      = {2004}
}


@article{Li08,
  author  = {Y[andong] Li and X[iaodong] Zheng},
  title   = {Spectral decomposition using Wigner-Ville distribution with
             applications to carbonate reservoir characterization},
  journal = {The Leading Edge},
  year    = 2008,
  volume  = 27,
  pages   = {1050-1057}
}

@article{Liu07,
  author  = {J[] Liu and K[] J[] Marfurt},
  title   = {Instantaneous spectral attributes to detect channels},
  journal = {Geophysics},
  year    = 2007,
  volume  = 72,
  pages   = {P23-P31}
}

@inproceedings{Liu10,
  author    = {Y[ang] Liu and S[ergey] Fomel},
  booktitle = {80th Annual International Meeting},
  pages     = {3711-3716},
  publisher = {SEG, Expanded Abstracts},
  title     = {Local time-frequency transform and its application to ground-roll noise attenuation},
  year      = {2010}
}
@article{Liu11,
  author  = {G[] Liu and S[] Fomel and X[] Chen},
  title   = {Time-frequency analysis of seismic data using local attributes},
  journal = {Geophysics},
  year    = 2011,
  volume  = 76,
  pages   = {P23-P34}
}
@article{Liu13,
  author  = {Y[ang] Liu and S[ergey] Fomel},
  title   = {Seismic data analysis using local time-frequency decomposition},
  journal = {Geophysical Prospecting},
  year    = 2013,
  volume  = 61,
  pages   = {516-525}
}
@article{Pinnegar03,
  author  = {C[] Pinnegar and L[] Mansinha},
  title   = {The {S}-transform with windows of arbitrary and varying shape},
  journal = {Geophysics},
  year    = 2003,
  volume  = 68,
  pages   = {381-385}
}

@article{Sinha05,
  author  = {S[] Sinha and P[] S[]  Routh and P[]  Anno and J[] P[] Castagna},
  title   = {Spectral decomposition of seismic data with continuous-wavelet transform},
  journal = {Geophysics},
  volume  = 70,
  year    = 2005,
  pages   = {P19-P25}
}

@article{Sinha09,
  author  = {S[] Sinha and P[] S[]  Routh and P[]  Anno},
  title   = {Instantaneous spectral attributes using scales in continuous-wavelet transform},
  journal = {Geophysics},
  volume  = 74,
  year    = 2009,
  pages   = {WA137-WA142}
}

@book{Tikhonov63,
  author    = {A[] N[] Tikhonov},
  title     = {Solution of incorrectly formulated problems and the regularization method},
  publisher = {Soviet Mathematics -- Doklady},
  year      = 1963,
  pages     = {1035-1038}
}

@article{Stockwell96,
  author  = {R[] G[] Stockwell and L[] Mansinha and R[] P[] Lowe},
  title   = {Localization of the complex spectrum: the {S} transform},
  journal = {IEEE Transactions on Signal Processing},
  year    = 1996,
  volume  = {44},
  pages   = {998-1001}
}

@article{Elboth10,
  author  = {T[homas] Elboth and I[da] V[i]] Presterud and D[ag] Hermansen},
  title   = {Time-frequency seismic data de-noising},
  journal = {Geophysical Prospecting},
  year    = 2010,
  volume  = 58,
  pages   = {441-453}
}

@article{Wang07,
  author  = {Y[] Wang},
  title   = {Seismic time-frequency spectral decomposition by matching pursuit},
  journal = {Geophysics},
  year    = 2007,
  volume  = 72,
  pages   = {V13-V20}
}

@article{Wang10,
  author  = {Y[] Wang},
  title   = {Multichannel matching pursuit for seismic trace decomposition},
  journal = {Geophysics},
  year    = 2010,
  volume  = 75,
  pages   = {V61-V66}
}

@article{Wigner32,
  author  = {W[] Wigner},
  title   = {On the quantum correction for thermodynamic equilibrium},
  journal = {Physical Review},
  year    = 1932,
  volume  = 40,
  pages   = {749-759}
}

@book{wolberg,
  author    = {G[] Wolberg},
  title     = {Digital Image Warping},
  publisher = {IEEE Computer Society},
  year      = 1990
}

@inproceedings{Yarham08,
  author    = {C[arson] Yarham and F[elix] J[] Herrmann},
  booktitle = {78th Annual International Meeting},
  pages     = {2576-2580},
  publisher = {SEG, Expanded Abstracts},
  title     = {Bayesian ground-roll separation by curvelet-domain sparsity promotion},
  year      = {2008}
}

@book{Yilmaz01,
  author    = {{\"{O}}[] Yilmaz},
  title     = {Seismic data analysis: {P}rocessing, inversion and interpretation of seismic data},
  publisher = {Society of Exploration Geophysics},
  year      = {2001}
}

@inproceedings{warp,
  author    = {S[] Fomel and M[] Backus and K[] Fouad and B[] Hardage and G[] Winters},
  booktitle = {75th Annual International Meeting},
  pages     = {1018-1021},
  publisher = {SEG, Expanded Abstracts},
  title     = {A multistep approach to multicomponent seismic image
               registration with application to a {West} {Texas} carbonate reservoir
               study},
  year      = {2005}
}

@inproceedings{Fomel03,
  author    = {S[] Fomel and M[] Backus},
  booktitle = {73rd Annual International Meeting},
  pages     = {781-784},
  publisher = {SEG, Expanded Abstracts},
  title     = {Multicomponent seismic data registration by least squares},
  year      = {2003}
}

@inproceedings{Fomel16,
  title        = {Streaming prediction-error filters},
  author       = {Fomel, Sergey and Claerbout, Jon},
  booktitle    = {SEG International Exposition and Annual Meeting},
  pages        = {SEG--2016},
  year         = {2016},
  organization = {SEG}
}

@article{Wu18,
  author  = {G[uoning] Wu and S[ergey] Fomel and Y[angkang] Chen},
  title   = {Data-driven time-frequency analysis of seismic data using non-stationary Prony method},
  journal = {Geophysical Prospecting},
  year    = 2018,
  volume  = 66,
  pages   = {85-97}
}

@article{Tao20,
  author  = {Y[u] Tao and S[iyuan] Cao and Y[uanyuan] Ma and M[inyao] Ma},
  title   = {Second-order adaptive synchrosqueezing {S} transform and its application in seismic ground roll attenuation},
  journal = {IEEE Geoscience and Remote Sensing Letters},
  year    = 2020,
  volume  = 17,
  pages   = {1308-1312}
}

@article{Geng24,
  title={Streaming seismic attributes},
  author={Geng, Zhicheng and Fomel, Sergey and Liu, Yang and Wang, Qinghan and Zheng, Zhisheng and Chen, Yangkang},
  journal={Geophysics},
  volume={89},
  number={1},
  pages={A7--A10},
  year={2024},
  publisher={Society of Exploration Geophysicists}
}

@article{chen2021,
  title     = {Nonstationary local time-frequency transform},
  author    = {Chen, Yangkang},
  journal   = {Geophysics},
  volume    = {86},
  number    = {3},
  pages     = {V245--V254},
  year      = {2021},
  publisher = {Society of Exploration Geophysicists}
}

@article{mousavi2016,
  title     = {Automatic microseismic denoising and onset detection using the synchrosqueezed continuous wavelet transform},
  author    = {Mousavi, S Mostafa and Langston, Charles A and Horton, Stephen P},
  journal   = {Geophysics},
  volume    = {81},
  number    = {4},
  pages     = {V341--V355},
  year      = {2016},
  publisher = {Society of Exploration Geophysicists}
}

@article{chen2019,
  title     = {Automatic waveform classification and arrival picking based on convolutional neural network},
  author    = {Chen, Yangkang and Zhang, Guoyin and Bai, Min and Zu, Shaohuan and Guan, Zhe and Zhang, Mi},
  journal   = {Earth and Space Science},
  volume    = {6},
  number    = {7},
  pages     = {1244--1261},
  year      = {2019},
  publisher = {Wiley Online Library}
}


@misc{TA,
  doi       = {10.7914/SN/TA},
  url       = {https://www.fdsn.org/networks/detail/TA/},
  author    = {{IRIS Transportable Array}},
  title     = {USArray Transportable Array},
  publisher = {International Federation of Digital Seismograph Networks},
  year      = {2003}
}

@article{elboth2010,
  title     = {Time-frequency seismic data de-noising},
  author    = {Elboth, Thomas and Presterud, Ida Vik and Hermansen, Dag},
  journal   = {Geophysical prospecting},
  volume    = {58},
  number    = {3},
  pages     = {441--453},
  year      = {2010},
  publisher = {European Association of Geoscientists \& Engineers}
}

@article{stockwell2007,
  title     = {Why use the s-transform?: AMS Pseudo-differential operators: Partial differential equations and time-frequency analysis 52},
  author    = {Stockwell, RG},
  year      = {2007},
  publisher = {Fields Institute Communications,}
}

@article{mallat1993,
  title     = {Matching pursuits with time-frequency dictionaries},
  author    = {Mallat, St{\'e}phane G and Zhang, Zhifeng},
  journal   = {IEEE Transactions on signal processing},
  volume    = {41},
  number    = {12},
  pages     = {3397--3415},
  year      = {1993},
  publisher = {IEEE}
}

@article{chen2001,
  title     = {Atomic decomposition by basis pursuit},
  author    = {Chen, Scott Shaobing and Donoho, David L and Saunders, Michael A},
  journal   = {SIAM review},
  volume    = {43},
  number    = {1},
  pages     = {129--159},
  year      = {2001},
  publisher = {SIAM}
}

@article{zhang2011,
  title     = {Seismic sparse-layer reflectivity inversion using basis pursuit decomposition},
  author    = {Zhang, Rui and Castagna, John},
  journal   = {Geophysics},
  volume    = {76},
  number    = {6},
  pages     = {R147--R158},
  year      = {2011},
  publisher = {Society of Exploration Geophysicists}
}

@article{yang2005,
  title     = {Fault diagnosis of rolling element bearings using basis pursuit},
  author    = {Yang, Hongyu and Mathew, Joseph and Ma, Lin},
  journal   = {Mechanical Systems and Signal Processing},
  volume    = {19},
  number    = {2},
  pages     = {341--356},
  year      = {2005},
  publisher = {Elsevier}
}

@article{huang1998emd,
  title     = {The empirical mode decomposition and the Hilbert spectrum for nonlinear and non-stationary time series analysis},
  author    = {Huang, Norden E and Shen, Zheng and Long, Steven R and Wu, Manli C and Shih, Hsing H and Zheng, Quanan and Yen, Nai-Chyuan and Tung, Chi Chao and Liu, Henry H},
  journal   = {Proceedings of the Royal Society of London. Series A: mathematical, physical and engineering sciences},
  volume    = {454},
  number    = {1971},
  pages     = {903--995},
  year      = {1998},
  publisher = {The Royal Society}
}

@article{flandrin2004emd,
  title     = {Empirical mode decomposition as a filter bank},
  author    = {Flandrin, Patrick and Rilling, Gabriel and Goncalves, Paulo},
  journal   = {IEEE signal processing letters},
  volume    = {11},
  number    = {2},
  pages     = {112--114},
  year      = {2004},
  publisher = {IEEE}
}

@article{daubechies2011,
  title     = {Synchrosqueezed wavelet transforms: An empirical mode decomposition-like tool},
  author    = {Daubechies, Ingrid and Lu, Jianfeng and Wu, Hau-Tieng},
  journal   = {Applied and computational harmonic analysis},
  volume    = {30},
  number    = {2},
  pages     = {243--261},
  year      = {2011},
  publisher = {Elsevier}
}

@article{Fomel2013,
  author  = {Fomel, Sergey and Sava, Paul and Vlad, Ioan and Liu, Yang and Bashkardin, Vladimir},
  doi     = {10.5334/jors.ag},
  journal = {Journal of Open Research Software},
  keyword = {en_US},
  month   = {Nov},
  title   = {Madagascar: open-source software project for multidimensional data analysis and reproducible computational experiments},
  year    = {2013}
}


@article{sherman1950,
  title     = {Adjustment of an inverse matrix corresponding to a change in one element of a given matrix},
  author    = {Sherman, Jack and Morrison, Winifred J},
  journal   = {The Annals of Mathematical Statistics},
  volume    = {21},
  number    = {1},
  pages     = {124--127},
  year      = {1950},
  publisher = {JSTOR}
}

@article{liu2023NN,
  author  = {Liu, Naihao and Lei, Youbo and Liu, Rongchang and Yang, Yang and Wei, Tao and Gao, Jinghuai},
  journal = {IEEE Transactions on Geoscience and Remote Sensing},
  title   = {Sparse Time–Frequency Analysis of Seismic Data: Sparse Representation to Unrolled Optimization},
  year    = {2023},
  volume  = {61},
  number  = {},
  pages   = {1-10},
  doi     = {10.1109/TGRS.2023.3300578}
}

@article{gholami2012sparse,
  title     = {Sparse time--frequency decomposition and some applications},
  author    = {Gholami, Ali},
  journal   = {IEEE Transactions on Geoscience and Remote Sensing},
  volume    = {51},
  number    = {6},
  pages     = {3598--3604},
  year      = {2012},
  publisher = {IEEE}
}

@article{yang2021sparse,
  title     = {Data-driven time-frequency method and its application in detection of free gas beneath a gas hydrate deposit},
  author    = {Yang, Yang and Gao, Jinghuai and Wang, Zhiguo and Liu, Naihao},
  journal   = {IEEE Transactions on Geoscience and Remote Sensing},
  volume    = {60},
  pages     = {1--13},
  year      = {2021},
  publisher = {IEEE}
}

@article{liu2016stft,
  title     = {Seismic time--frequency analysis via STFT-based concentration of frequency and time},
  author    = {Liu, Naihao and Gao, Jinghuai and Jiang, Xiudi and Zhang, Zhuosheng and Wang, Qian},
  journal   = {IEEE Geoscience and Remote Sensing Letters},
  volume    = {14},
  number    = {1},
  pages     = {127--131},
  year      = {2016},
  publisher = {IEEE}
}

@article{lu2013stft,
  title     = {Seismic spectral decomposition using deconvolutive short-time Fourier transform spectrogram},
  author    = {Lu, Wenkai and Li, Fangyu},
  journal   = {Geophysics},
  volume    = {78},
  number    = {2},
  pages     = {V43--V51},
  year      = {2013},
  publisher = {Society of Exploration Geophysicists}
}

@article{liu2019st,
  title     = {Self-adaptive generalized S-transform and its application in seismic time--frequency analysis},
  author    = {Liu, Naihao and Gao, Jinghuai and Zhang, Bo and Wang, Qian and Jiang, Xiudi},
  journal   = {IEEE Transactions on Geoscience and Remote Sensing},
  volume    = {57},
  number    = {10},
  pages     = {7849--7859},
  year      = {2019},
  publisher = {IEEE}
}

@article{castagna2003,
  title={Instantaneous spectral analysis: Detection of low-frequency shadows associated with hydrocarbons},
  author={Castagna, John P and Sun, Shengjie and Siegfried, Robert W},
  journal={The leading edge},
  volume={22},
  number={2},
  pages={120--127},
  year={2003},
  publisher={Society of Exploration Geophysicists}
}

@article{cohen1989,
  title={Time-frequency distributions-a review},
  author={Cohen, Leon},
  journal={Proceedings of the IEEE},
  volume={77},
  number={7},
  pages={941--981},
  year={1989},
  publisher={IEEE}
}

@article{sinha2009,
  title={Instantaneous spectral attributes using scales in continuous-wavelet transform},
  author={Sinha, Satish and Routh, Partha and Anno, Phil},
  journal={Geophysics},
  volume={74},
  number={2},
  pages={WA137--WA142},
  year={2009},
  publisher={Society of Exploration Geophysicists}
}

@article{chatterji2004,
  title={Multiresolution techniques for the detection of gravitational-wave bursts},
  author={Chatterji, Shourov and Blackburn, Lindy and Martin, Gregory and Katsavounidis, Erik},
  journal={Classical and Quantum Gravity},
  volume={21},
  number={20},
  pages={S1809},
  year={2004},
  publisher={IOP Publishing}
}

@ARTICLE{Boashash1987,
  author={Boashash, B. and Black, P.},
  journal={IEEE Transactions on Acoustics, Speech, and Signal Processing}, 
  title={An efficient real-time implementation of the Wigner-Ville distribution}, 
  year={1987},
  volume={35},
  number={11},
  pages={1611-1618},
  doi={10.1109/TASSP.1987.1165070}
}

@article{kaur2020,
title={Seismic ground-roll noise attenuation using deep learning},
author={Kaur, Harpreet and Fomel, Sergey and Pham, Nam},
journal={Geophysical Prospecting},
volume={68},
number={7},
pages={2064--2077},
year={2020},
publisher={European Association of Geoscientists \& Engineers}
}

@article{wang2020,
  title={Continuous time-varying Q-factor estimation method in the time-frequency domain},
  author={Wang, Qing-Han and Liu, Yang and Liu, Cai and Zheng, Zhi-Sheng},
  journal={Applied Geophysics},
  volume={17},
  number={5-6},
  pages={844--856},
  year={2020},
  publisher={Springer}
}

@article{stewart2003,
  title={Converted-wave seismic exploration: Applications},
  author={Stewart, Robert R and Gaiser, James E and Brown, R James and Lawton, Don C},
  journal={Geophysics},
  volume={68},
  number={1},
  pages={40--57},
  year={2003},
  publisher={Society of Exploration Geophysicists}
}

@inproceedings{Fomel05,
  title={A multistep approach to multicomponent seismic image registration with application to a West Texas carbonate reservoir study},
  author={Fomel, Sergey and Backus, Milo and Fouad, Khaled and Hardage, Bob and Winters, Glenn},
  booktitle={SEG International Exposition and Annual Meeting},
  pages={SEG--2005},
  year={2005},
  organization={SEG}
}

@article{Tan2022,
   author = {Tan, Y. and others},
   title = {Joint Communication and SAR Waveform Design Method via Time-Frequency Spectrum Shaping},
   journal = {IEEE Transactions on Geoscience and Remote Sensing},
   volume = {60},
   pages = {1-13},
   DOI = {10.1109/TGRS.2022.3230439},
   year = {2022},
}

@article{Yao2022,
   author = {Yao, Y. and Liu, L.},
   title = {Automatic P-Wave Arrival Picking Based on Inaction Method},
   journal = {IEEE Transactions on Geoscience and Remote Sensing},
   volume = {60},
   pages = {1-11},
   DOI = {10.1109/TGRS.2022.3230411},
   year = {2022},
}

@article{Bai2022,
   author = {Bai, J. and others},
   title = {Object Detection in Large-Scale Remote-Sensing Images Based on Time-Frequency Analysis and Feature Optimization},
   journal = {IEEE Transactions on Geoscience and Remote Sensing},
   volume = {60},
   pages = {1-16},
   DOI = {10.1109/TGRS.2021.3119344},
   year = {2022},
}
@article{Mohammadigheymasi2022,
   author = {Mohammadigheymasi, H. and others},
   title = {Sparsity-Promoting Approach to Polarization Analysis of Seismic Signals in the Time–Frequency Domain},
   journal = {IEEE Transactions on Geoscience and Remote Sensing},
   volume = {60},
   pages = {1-11},
   DOI = {10.1109/TGRS.2022.3141580},
   year = {2022},
}


@article{Wu2023,
   author = {Wu, X. and Zhang, H. and He, B.},
   title = {Deconvolutive Improved S Transform and Its Application in Hydrocarbon Detection},
   journal = {IEEE Transactions on Geoscience and Remote Sensing},
   volume = {61},
   pages = {1-12},
   DOI = {10.1109/TGRS.2023.3268405},
   year = {2023},
}

@article{Zhang2020,
   author = {Zhang, G. and others},
   title = {Adaptive Time-Resampled High-Resolution Synchrosqueezing Transform and Its Application in Seismic Data},
   journal = {IEEE Transactions on Geoscience and Remote Sensing},
   volume = {58},
   number = {9},
   pages = {6691-6698},
   DOI = {10.1109/TGRS.2020.2978509},
   year = {2020},
}

@ARTICLE{Qian2022,
  author={Qian, Jiang and Huang, Shaoyin and Wang, Lu and Bi, Guoan and Yang, Xiaobo},
  journal={IEEE Transactions on Geoscience and Remote Sensing}, 
  title={Super-Resolution ISAR Imaging for Maneuvering Target Based on Deep-Learning-Assisted Time–Frequency Analysis}, 
  year={2022},
  volume={60},
  number={},
  pages={1-14},
  doi={10.1109/TGRS.2021.3050189}}

@article{Yang2022,
author = {Yang, Y. and Lei, Y. and Liu, N. and Wang, Z. and Gao, J. and Ding, J.},
title = {SparseTFNet: A Physically Informed Autoencoder for Sparse Time–Frequency Analysis of Seismic Data},
journal = {IEEE Transactions on Geoscience and Remote Sensing},
volume = {60},
pages = {1-12},
ISSN = {1558-0644},
DOI = {10.1109/TGRS.2022.3213851},
year = {2022},
type = {Journal Article}
}

@article{lu2015,
	title={Joint PP and PS AVA seismic inversion using exact Zoeppritz equations},
	author={Lu, Jun and Yang, Zhen and Wang, Yun and Shi, Ying},
	journal={Geophysics},
	volume={80},
	number={5},
	pages={R239--R250},
	year={2015},
	publisher={Society of Exploration Geophysicists}
}
@article{gao2018,
	title={Multicomponent seismic data registration by nonlinear optimization},
	author={Gao, Wenlei and Sacchi, Mauricio D},
	journal={Geophysics},
	volume={83},
	number={1},
	pages={V1--V10},
	year={2018},
	publisher={Society of Exploration Geophysicists}
}

@article{Zheng2022,
  title={Nonstationary pattern-based signal--noise separation using adaptive prediction-error filter},
  author={Zheng, Zhisheng and Liu, Yang and Liu, Cai},
  journal={Journal of Geophysics and Engineering},
  volume={19},
  number={1},
  pages={14--27},
  year={2022},
  publisher={Oxford University Press}
}

@inproceedings{Liu11b,
  title={Random noise attenuation using nonstationary autoregression in fx domain},
  author={Liu, G and Chen, X and Wu, K},
  booktitle={73rd EAGE Conference and Exhibition incorporating SPE EUROPEC 2011},
  pages={cp--238},
  year={2011},
  organization={European Association of Geoscientists \& Engineers}
}

@article{Fomel09b,
  title={Time-lapse image registration using the local similarity attribute},
  author={Fomel, Sergey and Jin, Long},
  journal={Geophysics},
  volume={74},
  number={2},
  pages={A7--A11},
  year={2009},
  publisher={Society of Exploration Geophysicists}
}

@inproceedings{Fomel10,
  title={Local similarity with the envelope as a seismic phase detector},
  author={Fomel, Sergey and van der Baan, Mirko},
  booktitle={SEG International Exposition and Annual Meeting},
  pages={SEG--2010},
  year={2010},
  organization={SEG}
}

@article{Fomel24,
  title={Streaming prediction-error filters},
  author={Fomel, Sergey and Claerbout, Jon},
  journal={Geophysics},
  volume={89},
  number={5},
  pages={1--35},
  year={2024},
  publisher={Society of Exploration Geophysicists}
}

@article{yilmaz1987,
  title={Seismic data processing},
  author={Yilmaz, Ozdogan},
  journal={Investigation in geophysics},
  volume={2},
  pages={526},
  year={1987},
  publisher={Society of Exploration Geophysicists}
}

@inproceedings{yarham2006,
  title={Curvelet-based ground roll removal},
  author={Yarham, Carson and Boeniger, Urs and Herrmann, Felix},
  booktitle={SEG International Exposition and Annual Meeting},
  pages={SEG--2006},
  year={2006},
  organization={SEG}
}

@article{chen2015,
  title={Ground-roll noise attenuation using a simple and effective approach based on local band-limited orthogonalization},
  author={Chen, Yangkang and Jiao, Shebao and Ma, Jianwei and Chen, Hanming and Zhou, Yatong and Gan, Shuwei},
  journal={IEEE Geoscience and Remote Sensing Letters},
  volume={12},
  number={11},
  pages={2316--2320},
  year={2015},
  publisher={IEEE}
}


@article{Fomel02,
author = {Sergey Fomel},
title = {Applications of plane‐wave destruction filters},
journal = {GEOPHYSICS},
volume = {67},
number = {6},
pages = {1946-1960},
year = {2002},
doi = {10.1190/1.1527095}
}

@article{Yang2024,
author = {Liuqing Yang and Sergey Fomel and Shoudong Wang and Xiaohong Chen and Yangkang Chen},
title = {Deep learning with soft attention mechanism for small-scale ground roll attenuation},
journal = {GEOPHYSICS},
volume = {89},
number = {1},
pages = {WA179-WA193},
year = {2024},
doi = {10.1190/geo2023-0150.1}
}