@article{duncan2010reservoir,
    author={Duncan, P and Eisner, L},
    year={2010},
    title={Reservoir characterization using surface microseismic monitoring},
    journal={Geophysics},
    volume={75},
    number={5},
    pages={A139--A146}
}

@book{maxwell2014microseismic,
    author={Maxwell, Shawn},
    year={2014},
    title={Microseismic Imaging of Hydraulic Fracturing},
    publisher={Society of Exploration Geophysicists}
}

@article{merzlikin2015efficient,
    author={Dmitrii Merzlikin and Sergey Fomel},
    year={2015},
    title={An efficient workflow for path-integral imaging of seismic diffractions},
    journal={85th Annual International Meeting, SEG, Expanded Abstracts},
    chapter={784},
    pages={4096-4100}
}

@incollection{claerbout1986velocity,
    author={Claerbout, Jon F},
    year={1986},
    title={Velocity extrapolation by cascaded 15 degree migration},
    booktitle={SEP-48: Stanford Exploration Project},
    volume={79},
    pages={84}
}

@article{fomel2003velocity,
    author={Fomel, Sergey},
    year={2003},
    title={Velocity continuation and the anatomy of residual prestack time migration},
    journal={Geophysics},
    volume={68},
    number={5},
    pages={1650-1661}
}

@article{fomel2003time,
    author={Fomel, Sergey},
    year={2003},
    title={Time-migration velocity analysis by velocity continuation},
    journal={Geophysics},
    volume={68},
    number={5},
    pages={1662-1672}
}

@article{burnett2011azimuthally,
    author={Burnett, William and Fomel, Sergey},
    year={2011},
    title={Azimuthally anisotropic {3D} velocity continuation},
    journal={International Journal of Geophysics},
    volume={2011},
    note={http://dx.doi.org/10.1155/2011/484653}
}

@inproceedings{warpinski1998mapping,
    author={Warpinski, NR and Branagan, PT and Peterson, RE and Wolhart, SL and Uhl, JE},
    title={Mapping hydraulic fracture growth and geometry using microseismic events detected by a wireline retrievable accelerometer array},
    booktitle={SPE Gas Technology Symposium},
    year={1998},
    note={http://dx.doi.org/10.2118/40014-MS}
}

@book{gibowicz2013introduction,
    author={Gibowicz, Slawomir Jerzy and Kijko, Andrzej},
    year={2013},
    title={An introduction to mining seismology},
    publisher={Elsevier}
}

@article{rentsch2006fast,
    author={Rentsch, S and Buske, S and L{\"u}th, S and Shapiro, SA},
    year={2007},
    title={Fast location of seismicity: A migration-type approach with application to hydraulic-fracturing data},
    journal={Geophysics},
    volume={72},
    number={1},
    pages={S33-S40}
}

@article{rentsch2010migration,
    author={Rentsch, S and Buske, S and Gutjahr, S and Kummerow, J and Shapiro, SA},
    year={2010},
    title={Migration-based location of seismicity recorded with an array installed in the main hole of the {San Andreas Fault Observatory at Depth (SAFOD)}},
    journal={Geophysical Journal International},
    volume={182},
    number={1},
    pages={477-492}
}

@article{gajewski2005reverse,
    author={Gajewski, Dirk and Tessmer, Ekkehart},
    year={2005},
    title={Reverse modelling for seismic event characterization},
    journal={Geophysical Journal International},
    volume={163},
    number={1},
    pages={276-284}
}

@article{artman2010source,
    author={Artman, Brad and Podladtchikov, Igor and Witten, Ben},
    year={2010},
    title={Source location using time-reverse imaging},
    journal={Geophysical Prospecting},
    volume={58},
    number={5},
    pages={861-873}
}

@article{kao2004source,
    author={Kao, Honn and Shan, Shao-Ju},
    year={2004},
    title={The source-scanning algorithm: Mapping the distribution of seismic sources in time and space},
    journal={Geophysical Journal International},
    volume={157},
    number={2},
    pages={589-594}
}

@article{gajewski2007localization,
    author={Gajewski, D. and Anikiev, D. and Kashtan, B. and Tessmer, E. and Vanelle, C.},
    year={2007},
    title={Localization of seismic events by diffraction stacking},
    journal={77th Annual International Meeting, SEG, Expanded Abstracts},
    chapter={261},
    pages={1287-1291}
}

@article{sava2011micro,
    author={Sava, Paul},
    year={2011},
    title={Micro-earthquake monitoring with sparsely sampled data},
    journal={Journal of Petroleum Exploration and Production Technology},
    volume={1},
    number={1},
    pages={43-49}
}

@article{eisner2009uncertainties,
    author={Eisner, Leo and Duncan, Peter M and Heigl, Werner M and Keller, William R},
    year={2009},
    title={Uncertainties in passive seismic monitoring},
    journal={The Leading Edge},
    volume={28},
    number={6},
    pages={648-655}
}

@article{landa2006path,
    author={Landa, E and Fomel, S and Moser, TJ},
    year={2006},
    title={Path-integral seismic imaging},
    journal={Geophysical Prospecting},
    volume={54},
    number={5},
    pages={491-503}
}

@article{burnett2011diffraction,
    author={Burnett, William and Fomel, Sergey and Bansal, Rishi},
    year={2011},
    title={Diffraction velocity analysis by path-integral seismic imaging},
    journal={81st Annual International Meeting, SEG, Expanded Abstracts},
    chapter={767},
    pages={3893-3902}
}

@article{chambers2010testing,
	author={Chambers, Kit and Kendall, J and Brandsberg-Dahl, Sverre and Rueda, Jose},
	year={2010},
	title={Testing the ability of surface arrays to monitor microseismic activity},
	journal={Geophysical Prospecting},
	volume={58},
	number={5},
	pages={821-830}
}

@article{gharti2010automated,
    author={Gharti, Hom Nath and Oye, Volker and Roth, Michael and K{\"u}hn, Daniela},
    year={2010},
    title={Automated microearthquake location using envelope stacking and robust global optimization},
    journal={Geophysics},
    volume={75},
    number={4},
    pages={MA27-MA46}
}

@inproceedings{bradford2013application,
    author={Bradford, I and Probert, T and Raymer, D and Ozbek, A and Primiero, P and Kragh, E and Drew, J and Woerpel, C},
    year={2013},
    title={Application of coalescence microseismic mapping to hydraulic fracture monitoring conducted using a surface array},
    booktitle={75th EAGE Conference},
    note={http://dx.doi.org/10.3997/2214-4609.20131028}
}

@article{anikiev2013imaging,
    author={Anikiev, Denis and Stan{\u{e}}k, Franti{\v{s}}ek and Valenta, Jan and Eisner, Leo},
    year={2013},
    title={Imaging microseismic events by diffraction stacking with moment tensor inversion},
    journal={83rd Annual International Meeting, SEG, Expanded Abstracts},
    chapter={391},
    pages={2013-2018}
}

@article{stanvek2015semblance,
    author={Stan{\v{e}}k, Franti{\v{s}}ek and Anikiev, Denis and Valenta, Jan and Eisner, Leo},
    year={2015},
    title={Semblance for microseismic event detection},
    journal={Geophysical Journal International},
    volume={201},
    number={3},
    pages={1362--1369}
}

@article{fomel2014recent,
    author={Fomel, Sergey},
    year={2014},
    title={Recent Advances in Time-Domain Seismic Imaging},
    journal={84th Annual International Meeting, SEG, Expanded Abstracts},
    chapter={839},
    pages={4400-4404}
}

@article{schleicher2009migration,
    author={Schleicher, J{\"o}rg and Costa, Jess{\'e} C},
    year={2009},
    title={Migration velocity analysis by double path-integral migration},
    journal={Geophysics},
    volume={74},
    number={6},
    pages={WCA225-WCA231}
}

@article{sun2015investigating,
    author={Sun, Junzhe and Zhu, Tieyuan and Fomel, Sergey and Song, Wen-Zhan},
    year={2015},
    title={Investigating the possibility of locating microseismic sources using distributed sensor networks},
    journal={85th Annual International Meeting, SEG, Expanded Abstracts},
    chapter={477},
    pages={2485-2490}
}

@article{nakata2016reverse,
    author = {Nori Nakata and Gregory C. Beroza},
    year = {2016},
    title = {Reverse time migration for microseismic sources using the geometric mean as an imaging condition},
    journal = {Geophysics},
    volume = {81},
    number = {2},
    pages = {KS51-KS60}
}

@article{trojanowski2016comparison,
    author={Trojanowski, Jacek and Eisner, Leo},
    year={2016},
    title={Comparison of migration-based location and detection methods for microseismic events},
    journal={Geophysical Prospecting},
    note={http://dx.doi.org/10.1111/1365-2478.12366}
}

@article{li2015robust,
    author={Li, Siwei and Fomel, Sergey},
    year={2015},
    title={A robust approach to time-to-depth conversion in the presence of lateral-velocity variations},
    journal={Geophysical Prospecting},
    volume={63},
    number={2},
    pages={315-337}
}

@article{fomel2007velocity,
    author={Fomel, Sergey},
    year={2007},
    title={Velocity-independent time-domain seismic imaging using local event slopes},
    journal={Geophysics},
    volume={72},
    number={3},
    pages={S139-S147}
}

@article{cooke2009simultaneous,
    author={Cooke, Dennis and B{\'o}na, Andrej and Hansen, Benn},
    year={2009},
    title={Simultaneous time imaging, velocity estimation, and multiple suppression using local event slopes},
    journal={Geophysics},
    volume={74},
    number={6},
    pages={WCA65-WCA73}
}

@article{versteeg1994marm,
    author = {Roelof Versteeg},
    year = {1994},
    title = {The Marmousi experience: Velocity model determination on a synthetic complex data set},
    journal = {The Leading Edge},
    volume = {13},
    number = {9},
    pages = {927-936}
}

@article{cameron2008time,
    author={Cameron, Maria and Fomel, Sergey and Sethian, James},
    year={2008},
    title={Time-to-depth conversion and seismic velocity estimation using time-migration velocity},
    journal={Geophysics},
    volume={73},
    number={5},
    pages={VE205--VE210}
}

