@Article{pnas,
  author = 	 {S[ergey] Fo\-mel and J[ames] A[] Sethian},
  title = 	 {Fast phase-space computation of multiple
  arrivals},
  journal = 	 {Proc. of the Nat. Acad. of Sciences},
  year = 	 2002,
  volume =	 99,
  pages =	 {7329-7334}
}

@Article{jcp,
  author = 	 {S[ergey] Fo\-mel and J[ames] A[] Sethian},
  title = 	 {Fast Algorithms for Computing 
Multiple-Arrival Multiple-Source Non-Viscosity
Solutions of Static {Hamilton-Jacobi} Equations},
  journal = 	 {Journal of Computational Physics, submitted},
  year = 	 2003
}

@Book{maslov,
  author =	 {V[] P[] Maslov and M[] V[] Fedoriuk},
  title = 	 {Semi-classical approximations in
quantum mechanics},
  publisher = 	 {Reidel},
  year = 	 1981,
  address =	 {Dordrecht}
}

@Book{norm,
  author =	 {N[] Bleisten and J[] K[] Cohen and J[] W[] Stockwell},
  title = 	 {Mathematics of multidimensional seismic imaging, migration, and inversion},
  publisher = 	 {Springer},
  year = 	 2001
}

@Book{iei,
  author =	 {J[on] F[] Claerbout},
  title = 	 {Imaging the {Earth's} Interior},
  publisher = 	 {Blackwell},
  year = 	 1985
}

@Book{santo,
  author =	 {J[] A[] DeSanto},
  title = 	 {Scalar wave theory: {Green's} functions and applications},
  publisher = 	 {Springer-Verlag},
  year = 	 1992
}

@Article{curvelet,
  author = 	 {E[mmanuel] J[] Cand\'{e}s and L[aurent] Demanet},
  title = 	 {The curvelet representation of wave propagators is optimally sparse},
  journal = 	 {Communications on Pure and Applied Mathematics},
  year = 	 2005,
  volume =	 58,
  pages =	 {1472-1528}
}

@inproceedings{seislet,
   author = {S[] Fomel},
   booktitle = {76rd Ann. Internat. Mtg.},
   pages = {2847-2850},
   publisher = {Soc. of Expl. Geophys.},
   title = {Towards the seislet transform},
   year = {2006}
}

@Book{sethian,
  author =	 {J[] A[] Sethian},
  title = 	 {Level Set Methods and Fast Marching Methods: Evolving Interfaces in Computational Geometry, Fluid Mechanics, Computer Vision, and Materials Science},
  publisher = 	 {Cambridge Univ. Press},
  year = 	 1999
}

