@article{baek,
  title={A Model-Based Warping Method for 4{D} Event Characterization},
  author={Baek, H[] and Keho, T[] H[]},
  journal={2015 SEG Annual Meeting},
  year={2015},
  pages={5409--5413},
  organization={Society of Exploration Geophysicists}
}

@article{berron,
  title={Permanent, Continuous \& Unmanned 4{D} Seismic Monitoring: Peace River Case Study},
  author={Berron, C[] and Michou, L[] and De Cacqueray, B[] and Duret, F[] and Cotton, J[] and Forgues, E[]},
  journal={2015 SEG Annual Meeting},
  year={2015},
  organization={Society of Exploration Geophysicists}
}

@article{chena,
  title={Accelerated plane-wave destruction},
  author={Chen, Z[] and Fomel, S[] and Lu, W[]},
  journal={Geophysics},
  volume={78},
  number={1},
  pages={V1--V9},
  year={2013},
  publisher={Society of Exploration Geophysicists}
}
@article{cheno,
  title={Omnidirectional plane-wave destruction},
  author={Chen, Z[] and Fomel, S[] and Lu, W[]},
  journal={Geophysics},
  volume={78},
  number={5},
  pages={V171--V179},
  year={2013},
  publisher={Society of Exploration Geophysicists}
}

@article{fomel02,
  title={Applications of plane-wave destruction filters},
  author={Fomel, S[]},
  journal={Geophysics},
  volume={67},
  number={6},
  pages={1946--1960},
  year={2002},
  publisher={Society of Exploration Geophysicists}
}
@article{fomelclaerbout03,
  title={Multidimensional recursive filter preconditioning in geophysical estimation problems},
  author={Fomel, S[] and Claerbout, J[] F[]},
  journal={Geophysics},
  volume={68},
  number={2},
  pages={577--588},
  year={2003},
  publisher={Society of Exploration Geophysicists}
}
@article{fomelbackus03,
  title={Multicomponent seismic data registration by least squares},
  author={Fomel, S[] and Backus, M[] M[] and others},
  journal={2003 SEG Annual Meeting},
  year={2003},
  organization={Society of Exploration Geophysicists}
}
@article{fomel05,
  title={A multistep approach to multicomponent seismic image registration with application to a West Texas carbonate reservoir study},
  author={Fomel, S[] and Backus, M[] and Fouad, K[] and Hardage, B[] and Winters, G[] and others},
  journal={2005 SEG Annual Meeting},
  year={2005},
  organization={Society of Exploration Geophysicists}
}
@article{fomel07,
  title={Local seismic attributes},
  author={Fomel, S[]},
  journal={Geophysics},
  volume={72},
  number={3},
  pages={A29--A33},
  year={2007},
  publisher={Society of Exploration Geophysicists}
}
@article{fomel09,
  title={Time-lapse image registration using the local similarity attribute},
  author={Fomel, S[] and Jin, L[]},
  journal={Geophysics},
  volume={74},
  number={2},
  pages={A7--A11},
  year={2009},
  publisher={Society of Exploration Geophysicists}
}
@article{fomel13,
  title={Madagascar: open-source software project for multidimensional data analysis and reproducible computational experiments},
  author={Fomel, S[] and Sava, P[] and Vlad, I[] and Liu, Y[] and Bashkardin, V[]},
  journal={Journal of Open Research Software},
  volume={1},
  number={1},
  pages={e8},
  year={2013}
}

@article{golub,
  title={The differentiation of pseudo-inverses and nonlinear least squares problems whose variables separate},
  author={G[] H[] Golub and V[] Pereyra},
  journal={SIAM Journal on numerical analysis},
  volume={10},
  number={2},
  pages={413--432},
  year={1973},
  publisher={SIAM}
}

@article{hale09,
  title={A method for estimating apparent displacement vectors from time-lapse seismic images},
  author={Hale, D[]},
  journal={Geophysics},
  volume={74},
  number={5},
  pages={V99--V107},
  year={2009},
  publisher={Society of Exploration Geophysicists}
}
@article{hale13,
  title={Dynamic warping of seismic images},
  author={Hale, D[]},
  journal={Geophysics},
  volume={78},
  number={2},
  pages={S105--S115},
  year={2013},
  publisher={Society of Exploration Geophysicists}
}

@article{hall,
  title={A methodology for 7D warping and deformation monitoring using time-lapse seismic data},
  author={Hall, S[] A[]},
  journal={Geophysics},
  volume={71},
  number={4},
  pages={O21--O31},
  year={2006},
  publisher={Society of Exploration Geophysicists}
}

@article{hardage,
  title={Multicomponent seismic technology},
  author={Hardage, Bob Adrian and DeAngelo, Michael V and Murray, Paul E and Sava, Diana},
  year={2011},
  publisher={Society of Exploration Geophysicists Tulsa, OK, USA}
}

@article{herrera,
  title={Guided seismic-to-well tying based on dynamic time warping},
  author={Herrera, R[] H[] and van der Baan, M[]},
  journal={2012 SEG Annual Meeting},
  year={2012},
  pages={1--5},
  organization={Society of Exploration Geophysicists}
}

@article{khalil,
  title={Wave-equation-based image warping},
  author={Khalil, A[] and Hoeber, H[]},
  journal={Geophysics},
  volume={81},
  number={1},
  pages={V1--V6},
  year={2015},
  publisher={Society of Exploration Geophysicists}
}

@article{kaufman,
  title={A variable projection method for solving separable nonlinear least squares problems},
  author={Kaufman, L[]},
  journal={BIT Numerical Mathematics},
  volume={15},
  number={1},
  pages={49--57},
  year={1975},
  publisher={Springer}
}

@article{lumley,
  title={Time-lapse seismic reservoir monitoring},
  author={Lumley, D[] E[]},
  journal={Geophysics},
  volume={66},
  number={1},
  pages={50--53},
  year={2001},
  publisher={Society of Exploration Geophysicists}
}

@article{rickett,
  title={Cross-equalization data processing for time-lapse seismic reservoir monitoring: A case study from the Gulf of Mexico},
  author={Rickett, J[] E[] and Lumley, D[] E[]},
  journal={Geophysics},
  volume={66},
  number={4},
  pages={1015--1025},
  year={2001},
  publisher={Society of Exploration Geophysicists}
}

@article{sakoe,
  title={Dynamic programming algorithm optimization for spoken word recognition},
  author={Sakoe, H[] and Chiba, S[]},
  journal={Acoustics, Speech and Signal Processing, IEEE Transactions on},
  volume={26},
  number={1},
  pages={43--49},
  year={1978},
  publisher={IEEE}
}

@article{tsvankin,
  title={Reflection moveout and parameter estimation for horizontal transverse isotropy},
  author={Tsvankin, I[]},
  journal={Geophysics},
  volume={62},
  number={2},
  pages={614--629},
  year={1997},
  publisher={Society of Exploration Geophysicists}
}

@article{williamson,
  title={A new approach to warping for quantitative time--lapse characterisation},
  author={Williamson, P[] R[] and Cherrett, A[] J[] and Sexton, P[] A[]},
  journal={69th EAGE Conference and Exhibition incorporating SPE EUROPEC 2007},
  year={2007}
}

@article{zhang13,
  title={Time-lapse seismic data registration and inversion for {CO$_2$} sequestration study at {Cranfield}},
  author={Zhang, R[] and Song, X[] and Fomel, S[] and Sen, M[] K[] and Srinivasan, S[]},
  journal={Geophysics},
  volume={78},
  number={6},
  pages={B329--B338},
  year={2013},
  publisher={Society of Exploration Geophysicists}
}
@article{zhang14,
  title={Time-lapse pre-stack seismic data registration and inversion for {CO$_2$} sequestration study at {Cranfield}},
  author={Zhang, R[] and Song, X[] and Fomel, S[] and Sen, M[] K[] and Srinivasan, S[]},
  journal={Geophysical Prospecting},
  volume={62},
  number={5},
  pages={1028--1039},
  year={2014},
  publisher={Wiley Online Library}
}

