@BOOK{gibowicz13,
  title = {An introduction to mining seismology},
  author = {S[] J [] Gibowicz and A[] Kijko},
  publisher = {Elsevier},
  year = {2013}
}

@ARTICLE{montgomery10,
  author = {C[] T[] Montgomery and M[] B[] Smith},
  title = {Hydraulic fracturing: {A} history of an enduring technology},
  journal = {Journal of Petroleum Technology},
  year = {2010},
  volume = {62},
  publisher = {SPE},
  pages = {26-32}
}

@INPROCEEDINGS{maxwell03,
  author = {S[] C[] Maxwell and T[] I[] Urbancic and M[] Prince and C[] Demerling},
  title = {Passive imaging of seismic deformation associated with steam injection in Western Canada},
  booktitle =    {SPE Annual Technical Conference and Exhibition},
  year = 	 {2003},
  publisher =    {SPE},
  pages = {84572}
}

@ARTICLE{maxwell10a,
  author = {S[] C[] Maxwell and J[] Rutledge and R[] Jones and M[] Fehler},
  title = {Petroleum reservoir characterization using downhole microseismic monitoring},
  journal = {Geophysics},
  year = {2010},
  volume = {75},
  number = {5},
  publisher = {SEG},
  pages = {75A129-75A137},
  doi = {10.1190/1.3477966}
}

@INPROCEEDINGS{maxwell10b,
  author = {S[] C[] Maxwell and J[] Le Calvez},
  title = {Horizontal vs. Vertical Borehole-based Microseismic Monitoring: Which is Better?},
  booktitle =    {76th Ann. Internat. Mtg.},
  year = 	 {2010},
  publisher =    {Society of Petroleum Engineers},
  pages = {131870}
}

@BOOK{maxwellbook,
  title = {Microseismic Imaging of Hydraulic Fracturing: Improved Engineering of Unconventional Shale Reservoirs },
  publisher = {SEG},
  year = {2014},
  author = {S[hawn] Maxwell}
}

@ARTICLE{duncan10,
  author = {P[] M[] Duncan and L[] Eisner},
  title = {Reservoir characterization using surface microseismic monitoring},
  journal = {Geophysics},
  year = {2010},
  volume = {75},
  number = {5},
  publisher = {SEG},
  pages = {75A139-75A146},
  doi = {10.1190/1.3467760}
}

@ARTICLE{schuster04,
  author = {G[] T[] Schuster and J[] Yu and J[] Sheng and J[] Rickett},
  title = {Interferometric/daylight seismic imaging},
  journal = {Geophysics Journal International},
  year = {2004},
  volume = {157},
  number = {2},
  publisher = {Oxford Journals},
  pages = {838-852},
  doi = {10.1111/j.1365-246X.2004.02251.x}
}

@ARTICLE{song11,
  author = {F[] Song and M[] N[] Toksöz},
  title = {Full-waveform based complete moment tensor inversion and source parameter estimation from downhole microseismic data for hydrofracture monitoring},
  journal = {Geophysics},
  year = {2011},
  volume = {76},
  number = {6},
  publisher = {SEG},
  pages = {WC103-WC116},
  doi = {10.1190/geo2011-0027.1}
}

@ARTICLE{jeremy14,
  author = {J[] D[] Pesicek and D[] Child and B[] Artman and K[] Cieślik},
  title = {Picking versus stacking in a modern microearthquake location: Comparison of results from a surface passive seismic monitoring array in {O}klahoma},
  journal = {Geophysics},
  year = {2014},
  volume = {79},
  number = {6},
  publisher = {SEG},
  pages = {KS61-KS68},
  doi = {10.1190/geo2013-0404.1}
}

@BOOK{IEI,
  title = {Imaging the {E}arth's interior},
  publisher = {Blackwell Scientific Publications},
  year = {1985},
  author = {J[] F[] Claerbout}
}

@ARTICLE{tang09,
  author = {Y[] Tang},
  title = {Target-oriented wave-equation least-squares migration/inversion with phase-encoded {H}essian},
  journal = {Geophysics},
  year = {2009},
  volume = {74},
  number = {6},
  publisher = {SEG},
  pages = {WCA95-WCA107}
}

@inproceedings{SHXM-MOBISYS2009,
    author = {Song, Wen-Zhan and Huang, Renjie and Xu, Mingsen and Ma, Andy and Shirazi, Behrooz and Lahusen, Richard},
    booktitle = {7th Annual International Conference on Mobile Systems, Applications and Services (MobiSys)},
    keywords = {application, volcano},
    location = {Krak\'{o}w, Poland},
    month = {jun},
    posted-at = {2009-04-21 22:46:28},
    priority = {2},
    title = {{Air-dropped Sensor Network for Real-time High-fidelity Volcano Monitoring}},
    year = {2009}
}

@conference {KSS-DCOSS2013,
title = {Component-Average based Distributed Seismic Tomography in
Sensor Networks},
booktitle = {The 9th IEEE International Conference on Distributed
Computing in Sensor Systems (IEEE DCOSS)},
year = {2013},
author = {Goutham Kamath and Shi, Lei and Wen-Zhan Song}
}

@inproceedings{SSXX-SECON2013,
    author = {Shi, Lei and Song, Wen-Zhan and Xu, Mingsen and Xiao,
Qingjun and Lee, Jonathan M. and Xing, Guoliang},
    booktitle = {IEEE SECON},
    citeulike-article-id = {12414926},
    posted-at = {2013-06-13 16:03:34},
    priority = {2},
    title = {{Imaging Seismic Tomography in Sensor Network}},
    year = {2013}
}

@article {atm10,
author = {Artman, Brad and Podladtchikov, Igor and Witten, Ben},
title = {Source location using time-reverse imaging},
journal = {Geophysical Prospecting},
volume = {58},
number = {5},
publisher = {Blackwell Publishing Ltd},
issn = {1365-2478},
url = {http://dx.doi.org/10.1111/j.1365-2478.2010.00911.x},
doi = {10.1111/j.1365-2478.2010.00911.x},
pages = {861-873},
keywords = {Diffractor, Sigsbee, Source location, Time-reverse modelling, Wavefield propagation},
year = {2010},
}

@inproceedings {SLK-SEG2015,
title = {Real-time In-situ Seismic Imaging: {Overview} and Case Study},
booktitle = {85th Annual International Meeting, SEG, Expanded Abstracts},
year = {2015},
author = {W[] Song and L[] Shi and G[] Kamath},
pages = {submitted}
}

@inproceedings {meabs15b,
title = {Real-time In-situ Seismic Migration on Distributed Sensor Networks},
booktitle = {85th Annual International Meeting, SEG, Expanded Abstracts},
year = {2015},
author = {J[] Sun and T[] Zhu and Y[] Chen and W[] Song and S[] Fomel},
pages = {submitted}
}

@article {gajewski05,
author = {Gajewski, Dirk and Tessmer, Ekkehart},
title = {Reverse modelling for seismic event characterization},
journal = {Geophysical Journal International},
volume = {163},
number = {1},
publisher = {Blackwell Science Ltd},
issn = {1365-246X},
url = {http://dx.doi.org/10.1111/j.1365-246X.2005.02732.x},
doi = {10.1111/j.1365-246X.2005.02732.x},
pages = {276-284},
keywords = {passive seismology, reverse modelling, seismic event localization},
year = {2005},
}

@article {mcmechan82,
author = {McMechan, George A.},
title = {Determination of source parameters by wavefield extrapolation},
journal = {Geophysical Journal of the Royal Astronomical Society},
volume = {71},
number = {3},
publisher = {Blackwell Publishing Ltd},
issn = {1365-246X},
url = {http://dx.doi.org/10.1111/j.1365-246X.1982.tb02788.x},
doi = {10.1111/j.1365-246X.1982.tb02788.x},
pages = {613-628},
year = {1982},
}

@article{witten11,
author = {Witten, Ben and Artman, Brad},
title = {Signal-to-noise estimates of time-reverse images},
volume = {76}, 
number = {2}, 
pages = {MA1-MA10}, 
year = {2011}, 
doi = {10.1190/1.3543570}, 
URL = {http://geophysics.geoscienceworld.org/content/76/2/MA1.abstract}, 
eprint = {http://geophysics.geoscienceworld.org/content/76/2/MA1.full.pdf+html}, 
journal = {Geophysics} 
}

@article{zhu2014time,
  title={Time-reverse modelling of acoustic wave propagation in attenuating media},
  author={Zhu, Tieyuan},
  journal={Geophysical Journal International},
  volume={197},
  number={1},
  pages={483-494},
  year={2014},
  publisher={Oxford University Press}
}

@Article{kremers11,
AUTHOR = {Kremers, S. and Fichtner, A. and Brietzke, G. B. and Igel, H. and Larmat, C. and Huang, L. and K\"aser, M.},
TITLE = {Exploring the potentials and limitations of the time-reversal imaging of finite seismic sources},
JOURNAL = {Solid Earth},
VOLUME = {2},
YEAR = {2011},
NUMBER = {1},
PAGES = {95-105},
URL = {http://www.solid-earth.net/2/95/2011/},
DOI = {10.5194/se-2-95-2011}
}

@techreport{luthesis,
  title={Time reversed acoustics and applications to earthquake location and salt dome flank imaging},
  author={Lu, Rongrong},
  year={2008},
  institution={Massachusetts Institute of Technology. Earth Resources Laboratory}
}

@article {kaoshan04,
author = {Kao, Honn and Shan, Shao-Ju},
title = {The Source-Scanning Algorithm: mapping the distribution of seismic sources in time and space},
journal = {Geophysical Journal International},
volume = {157},
number = {2},
publisher = {Blackwell Science Ltd},
issn = {1365-246X},
url = {http://dx.doi.org/10.1111/j.1365-246X.2004.02276.x},
doi = {10.1111/j.1365-246X.2004.02276.x},
pages = {589-594},
keywords = {ETS tremors, seismic source distribution, Source-Scanning Algorithm},
year = {2004},
}

@Article{cerjan,
  author = 	 {C[] Cerjan and D[] Kosloff and R[] Kosloff and M[] Reshef},
  title = 	 {A Nonreflecting boundary condition for discrete acoustic and elastic wave equations},
  journal = {Geophysics},
  year = 	 1985,
  volume =	 50,
  pages =	 {705-708}
}

@Article{reshef,
  author = 	 {M[] Reshef and D[] Kosloff and M[] Edwards and C[] Hsiung},
  title = 	 {Three-dimensional acoustic modeling by the {F}ourier method},
  journal = {Geophysics},
  year = 	 1988,
  volume =	 53,
  pages =	 {1175-1183}
}

@ARTICLE{marmousi,
  author = {R[] Versteeg},
  title = {The {Marmousi} experience: {Velocity} model determination on a synthetic complex data set},
  journal = {The Leading Edge},
  year = {1994},
  volume = {13},
  number = {9},
  publisher = {EAGE},
  pages = {927-936}
}

@ARTICLE{loewenthal76,
  author = {D[] Loewenthal and L[] Lu and R[] Roberson and J[] Sherwood},
  title = {The Wave equation applied to Migration},
  journal = {Geophysical Prospecting},
  year = {1976},
  volume = {24},
  pages = {380-399},
  publisher = {EAGE}
}

@article{rentsch2006fast,
  title={Fast location of seismicity: A migration-type approach with application to hydraulic-fracturing data},
  author={Rentsch, S and Buske, S and L{\"u}th, S and Shapiro, SA},
  journal={Geophysics},
  volume={72},
  number={1},
  pages={S33-S40},
  year={2006},
  publisher={Society of Exploration Geophysicists}
}

@article{rentsch2010migration,
  title={{Migration-based location of seismicity recorded with an array installed in the main hole of the San Andreas Fault Observatory at Depth (SAFOD)}},
  author={Rentsch, S and Buske, S and Gutjahr, S and Kummerow, J and Shapiro, SA},
  journal={Geophysical Journal International},
  volume={182},
  number={1},
  pages={477-492},
  year={2010},
  publisher={Oxford University Press}
}

@article{fink2006time,
  title={Time-reversal acoustics in complex environments},
  author={Fink, Mathias},
  journal={Geophysics},
  volume={71},
  number={4},
  pages={SI151-SI164},
  year={2006},
  publisher={Society of Exploration Geophysicists}
}


@ONLINE{Doe:2009:Online,
author = {Doe, Ringo},
title = {This is a test entry of type {@ONLINE}},
month = jun,
year = {2009},
url = {http://www.test.org/doe/}
}
