# Well interpolation
@article{pred,
  title={Predictive painting of 3{D} seismic volumes},
  author={Fomel, Sergey},
  journal={Geophysics},
  volume={75},
  number={4},
  pages={A25--A30},
  year={2010},
  publisher={Society of Exploration Geophysicists}
}

@inproceedings{hale2010,
  author={Hale, Dave},
  title={Image-guided 3{D} interpolation of borehole data},
  year={2010},
  booktitle={80th Annual International Meeting, SEG, Expanded Abstracts},
  pages={1266--1270},
  publisher={Society of Exploration Geophysicists}
}

@article{wu,
  title={Simultaneous multiple well-seismic ties using flattened synthetic and real seismograms},
  author={Wu, Xinming and Caumon, Guillaume},
  journal={Geophysics},
  volume={82},
  number={1},
  pages={IM13--IM20},
  year={2016},
  publisher={Society of Exploration Geophysicists}
}

@inproceedings{taner,
  author={Taner, M Turhan and Schuelke, James S and O'Doherty, Ronen and Baysal, Edip},
  title={Seismic attributes revisited},
  year={1994},
  booktitle={64th Annual International Meeting, SEG, Expanded Abstracts},
  pages={1104--1106},
  publisher={Society of Exploration Geophysicists}
}

@inproceedings{schultz,
  title={Seismic-guided estimation of reservoir properties},
  author={Schultz, PS and Hattori, Masami and Mantran, Pascal and Hoskins, Josiah and Corbett, Chip and others},
  booktitle={SPE Annual Technical Conference and Exhibition},
  year={1994},
  organization={Society of Petroleum Engineers}
}

@article{hampson,
  title={Use of multiattribute transforms to predict log properties from seismic data},
  author={Hampson, Daniel P and Schuelke, James S and Quirein, John A},
  journal={Geophysics},
  volume={66},
  number={1},
  pages={220--236},
  year={2001},
  publisher={Society of Exploration Geophysicists}
}


# Automatic well interpolation
@inproceedings{hale2009,
  author={Hale, Dave},
  title={Image-guided blended neighbor interpolation of scattered data},
  year={2009},
  booktitle={79th Annual International Meeting, SEG, Expanded Abstracts},
  pages={1127--1131},
  publisher={Society of Exploration Geophysicists}
}

@inproceedings{karimi,
  author={Karimi, Parvaneh and Fomel, Sergey},
  title={Image guided well log interpolation using predictive painting},
  year={2015},
  booktitle={85th Annual International Meeting, SEG, Expanded Abstracts},
  pages={2786--2790},
  publisher={Society of Exploration Geophysicists}
}


# Fault detection
@article{pwd,
  title={Applications of plane-wave destruction filters},
  author={Fomel, Sergey},
  journal={Geophysics},
  volume={67},
  number={6},
  pages={1946--1960},
  year={2002},
  publisher={Society of Exploration Geophysicists}
}

@article{chopra,
  title={Seismic attributes -- {A} historical perspective},
  author={Chopra, Satinder and Marfurt, Kurt J},
  journal={Geophysics},
  volume={70},
  number={5},
  pages={3SO--28SO},
  year={2005},
  publisher={Society of Exploration Geophysicists}
}

@article{bahorich,
  title={3-{D} seismic discontinuity for faults and stratigraphic features: The coherence cube},
  author={Bahorich, Mike and Farmer, Steve},
  journal={The leading edge},
  volume={14},
  number={10},
  pages={1053--1058},
  year={1995},
  publisher={Society of Exploration Geophysicists}
}

@article{gersztenkorn,
  title={Eigenstructure-based coherence computations as an aid to 3-{D} structural and stratigraphic mapping},
  author={Gersztenkorn, Adam and Marfurt, Kurt J},
  journal={Geophysics},
  volume={64},
  number={5},
  pages={1468--1479},
  year={1999},
  publisher={Society of Exploration Geophysicists}
}

@inproceedings{randen,
  author={Randen, Trygve and Monsen, Erik and Signer, Claude and Abrahamsen, Arve and Hansen, Jan Ove and S{\ae}ter, Toril and Schlaf, J{\"u}rgen},
  title={Three-dimensional texture attributes for seismic data analysis},
  year={2000},
  booktitle={70th Annual International Meeting, SEG, Expanded Abstracts},
  pages={668--671},
  publisher={Society of Exploration Geophysicists}
}

@article{structure,
  title={Structure-oriented smoothing and semblance: Center for Wave Phenomena},
  author={Hale, D},
  journal={Report CWP-635},
  year={2009}
}

@article{predcoh,
  title={Predictive coherence},
  author={Karimi, Parvaneh and Fomel, Sergey and Wood, Lesli and Dunlap, Dallas},
  journal={Interpretation},
  volume={3},
  number={4},
  pages={SAE1--SAE7},
  year={2015},
  publisher={Society of Exploration Geophysicists and American Association of Petroleum Geologists}
}

@inproceedings{sobel,
  author={Phillips, Mason and Fomel, Sergey and Swindeman, Ryan},
  title={Structure-oriented plane-wave Sobel filter for edge detection in seismic images},
  year={2016},
  booktitle={86th Annual International Meeting, SEG, Expanded Abstracts},
  pages={1954--1959},
  publisher={Society of Exploration Geophysicists}
}

@article{faultlike,
  title={Directional structure-tensor-based coherence to detect seismic faults and channels},
  author={Wu, Xinming},
  journal={Geophysics},
  volume={82},
  number={2},
  pages={A13--A17},
  year={2017},
  publisher={Society of Exploration Geophysicists}
}

@incollection{rbf,
  title={Interpolation of scattered data: distance matrices and conditionally positive definite functions},
  author={Micchelli, Charles A},
  booktitle={Approximation theory and spline functions},
  pages={143--145},
  year={1984},
  publisher={Springer}
}

# Numerical Examples
@misc{claerbout,
  title={Filling data gaps using a local plane-wave model},
  author={Claerbout, Jon F},
  journal={Technical report},
  year={1992},
  publisher={Citeseer}
}

# Discussion and Conclusion
@inproceedings{xue17,
     author={Z[] Xue and X[] Wu and S[] Fomel},
     title={Predictive painting across faults},
     year=2017,
     booktitle={87th Annual International Meeting, SEG, Expanded Abstracts},
     pages={submitted}
 }


@article{wu2015,
  title={3{D} seismic image processing for unconformities},
  author={Wu, Xinming and Hale, Dave},
  journal={Geophysics},
  volume={80},
  number={2},
  pages={IM35--IM44},
  year={2015},
  publisher={Society of Exploration Geophysicists}
}

@article{hale2013,
  title={Methods to compute f,oault images, extract fault surfaces, and estimate fault throws from 3D seismic images},
  author={Hale, Dave},
  journal={Geophysics},
  volume={78},
  number={2},
  pages={O33--O43},
  year={2013},
  publisher={Society of Exploration Geophysicists}
}


# Acknowledgement
@article{reprod,
  title={Madagascar: Open-source software project for multidimensional data analysis and reproducible computational experiments},
  author={Fomel, Sergey and Sava, Paul and Vlad, Ioan and Liu, Yang and Bashkardin, Vladimir},
  journal={Journal of Open Research Software},
  volume={1},
  number={1},
  year={2013},
  publisher={Ubiquity Press}
}
