@article{chenfomelorthon2021,
author = {Yangkang Chen and Sergey Fomel},
title = {Nonstationary local signal-and-noise orthogonalization},
journal = {GEOPHYSICS},
volume = {86},
number = {5},
pages = {V409-V418},
year = {2021},
doi = {10.1190/geo2020-0151.1},
URL = { 
        https://doi.org/10.1190/geo2020-0151.1
}}

@article{chenfomel2015,
author = {Yangkang Chen and Sergey Fomel},
title = {Random noise attenuation using local signal-and-noise orthogonalization},
journal = {GEOPHYSICS},
volume = {80},
number = {6},
pages = {WD1-WD9},
year = {2015},
doi = {10.1190/geo2014-0227.1},
URL = { 
        https://doi.org/10.1190/geo2014-0227.1
}}

@article{greerfomel2018,
author = {Sarah Greer and Sergey Fomel },
title = {Matching and merging high-resolution and legacy seismic images},
journal = {GEOPHYSICS},
volume = {83},
number = {2},
pages = {V115-V122},
year = {2018},
doi = {10.1190/geo2017-0238.1},
URL = { 
        https://doi.org/10.1190/geo2017-0238.1
}}

@article{fomel2007a,
author = { Sergey Fomel },
title = {Local seismic attributes},
journal = {GEOPHYSICS},
volume = {72},
number = {3},
pages = {A29-A33},
year = {2007},
doi = {10.1190/1.2437573},
URL = { 
        https://doi.org/10.1190/1.2437573
}}

@article{fomel2007b,
author = { Sergey Fomel },
title = {Shaping regularization in geophysical-estimation problems},
journal = {GEOPHYSICS},
volume = {72},
number = {2},
pages = {R29-R36},
year = {2007},
doi = {10.1190/1.2433716},
URL = { 
        https://doi.org/10.1190/1.2433716
}}


@inproceedings{greer2018,
author = { Sarah Greer  and  Zhiguang Xue  and  Sergey Fomel },
title = {Improving migration resolution by approximating the least-squares Hessian using nonstationary amplitude and frequency matching},
booktitle = {SEG Technical Program Expanded Abstracts},
chapter = {},
pages = {4261-4265},
year = {2018},
doi = {10.1190/segam2018-2998434.1},
URL = {https://library.seg.org/doi/abs/10.1190/segam2018-2998434.1}}

@article{chen2021,
author = {Yangkang Chen},
title = {Nonstationary local time-frequency transform},
journal = {GEOPHYSICS},
volume = {86},
number = {3},
pages = {V245-V254},
year = {2021},
doi = {10.1190/geo2020-0298.1},
URL = { 
        https://doi.org/10.1190/geo2020-0298.1
}}

@article{liufomel2013,
author = {Yang Liu and Sergey Fomel },
title = {Seismic data analysis using local time-frequency decomposition},
journal = {Geophysical Prospecting},
volume = {61},
number = {3},
pages = {516-525},
year = {2013},
doi = {10.1111/j.1365-2478.2012.01062.x},
URL = { 
        https://onlinelibrary.wiley.com/doi/abs/10.1111/j.1365-2478.2012.01062.x
}}

@article{wang2021,
  author={Hang Wang and Guangtan Huang and Yangkang Chen},
  journal={IEEE Transactions on Geoscience and Remote Sensing}, 
  title={Robust Nonstationary Local Slope Estimation}, 
  year={2021},
  volume={59},
  number={7},
  pages={6225-6233},
  doi={10.1109/TGRS.2020.3021375}}

@article{fomel2002,
author = {Sergey Fomel},
title = {Applications of plane‐wave destruction filters},
journal = {GEOPHYSICS},
volume = {67},
number = {6},
pages = {1946-1960},
year = {2002},
doi = {10.1190/1.1527095},
URL = { 
        https://doi.org/10.1190/1.1527095
}}

@book{claerbout1992,
author = {John F Claerbout},
title = {Earth soundings analysis : processing versus inversion},
year = {1992}, 
publisher = {Blackwell Scientific Publications}
}

@book{claerbout2006,
author = {John F Claerbout},
title = {Basic Earth Imaging},
year = {2006}, 
publisher = {Stanford Exploration Project}
}

@book{lawson1995,
author = {Charles L Lawson and Richard J Hanson},
title = {Solving Least Squares Problems},
year = {1995}, 
publisher = {SIAM}
}

@article{hall2014,
author = {Matt Hall},
title = {Smoothing surfaces and attributes},
journal = {The Leading Edge},
volume = {33},
number = {2},
pages = {128-129},
year = {2014},
doi = {10.1190/tle33020128.1},
URL = { 
        https://doi.org/10.1190/tle33020128.1
},
eprint = { 
        https://doi.org/10.1190/tle33020128.1
}


@INPROCEEDINGS {manduchiandtomasi1998,
author = {R. Manduchi and C. Tomasi},
booktitle = {IEEE International Conference on Computer Vision},
title = {Bilateral Filtering for Gray and Color Images},
year = {1998},
volume = {},
issn = {},
pages = {839},
keywords = {null},
doi = {10.1109/ICCV.1998.710815},
url = {https://doi.ieeecomputersociety.org/10.1109/ICCV.1998.710815},
publisher = {IEEE Computer Society},
address = {Los Alamitos, CA, USA},
month = {jan}
}

@article{peronamalik1990,
  title={Scale-Space and Edge Detection Using Anisotropic Diffusion},
  author={Pietro Perona and Jitendra Malik},
  journal={IEEE Trans. Pattern Anal. Mach. Intell.},
  year={1990},
  volume={12},
  pages={629-639}
}

@inproceedings{grewenig2010,
author = {Grewenig, Sven and Weickert, %Joachim and Bruhn, Andr\'{e}s},
title = {From Box Filtering to Fast Explicit Diffusion},
year = {2010},
isbn = {3642159850},
publisher = {Springer-Verlag},
address = {Berlin, Heidelberg},
booktitle = {Proceedings of the 32nd DAGM Conference on Pattern Recognition},
pages = {533–542},
numpages = {10},
location = {Darmstadt, Germany}
}

 @book{tukey1970, 
 place={Reading, MA}, 
 title={Exploratory Data Analysis}, publisher={Addison-Wesley}, 
 place = {Reading, MA},
 author={Tukey, John Wilder}, 
 year={1970}} 
 
 @inproceedings{canales1984,
 author = { Luis L. Canales },
 title = {Random noise reduction},
 booktitle = {SEG Technical Program Expanded Abstracts},
 chapter = {},
 pages = {525-527},
 year = {1984},
 doi = {10.1190/1.1894168},
 URL = {https://library.seg.org/doi/abs/10.1190/1.1894168}}
 
@article{bahorichfarmer1995,
author = {Mike Bahorich and Steve Farmer},
title = {3-D seismic discontinuity for faults and stratigraphic features: The coherence cube},
journal = {The Leading Edge},
volume = {14},
number = {10},
pages = {1053-1058},
year = {1995},
doi = {10.1190/1.1437077},
URL = { 
        https://doi.org/10.1190/1.1437077
},
eprint = { 
        https://doi.org/10.1190/1.1437077
}
}

@incollection{nnint,
  title={Fast scattered data gridding},
  author={Fomel, Sergey},
  booktitle={SEG Technical Program Expanded Abstracts 2016},
  pages={4059--4063},
  year={2016},
  publisher={Society of Exploration Geophysicists}
}

